3425 5167
1466 491 1903 555 ..53-

499 671 918 739 collaudatur
939 671 1004 755 ¹),
1053 688 1198 735 cum
1243 672 1310 735 in
1359 671 1568 736 altera
1613 677 1801 752 parte
1848 672 2127 753 scriptor
2172 672 2253 737 (le
2286 678 2501 737 mento
2550 678 2619 737 et
2647 672 2862 737 anima

508 778 679 845 nihil
723 796 841 859 pro
888 786 1066 844 certo
1114 777 1441 845 affirmare
1488 777 1727 843 audeat
1773 783 1841 843 et
1892 777 1974 845 de
2023 779 2539 859 philosophorum
2582 778 2861 845 decretis

501 887 816 951 dubitare
897 885 1084 949 malit
1095 883 1164 967 ²).
1229 920 1313 929 -—
1379 883 1426 949 J
1427 903 1530 948 am
1607 903 1764 951 vero
1840 884 2008 965 quod
2087 885 2169 949 ad
2232 892 2527 951 auctores
2604 887 2860 966 attinet,

513 992 770 1060 Brandt
815 992 1150 1058 existimat
1191 991 1313 1056 hoc
1376 992 1687 1073 scriptum
1749 992 2077 1056 nonnullis
2138 993 2457 1067 capitibus
2506 994 2796 1073 exceptis
2810 992 2864 1076 ²⁵)

503 1120 600 1168 ex
646 1101 895 1165 duobus
942 1099 1232 1164 fontibus
1293 1098 1763 1180 principalibus
1828 1098 2227 1165 confluxisse.
2321 1100 2619 1166 Alterum
2666 1101 2864 1183 signi·

515 1207 671 1273 ficat
732 1206 956 1273 littera
1000 1208 1082 1288 A,
1149 1224 1230 1271 ex
1291 1222 1415 1285 quo
1461 1205 1877 1270 Lactantium
1923 1206 2233 1287 pleraque
2280 1225 2543 1287 eorum,
2584 1225 2749 1287 quae
2794 1208 2865 1274 in

516 1314 736 1398 priore
765 1320 956 1395 parte
979 1313 1306 1395 leguntur,
1338 1312 1636 1377 hausisse
1660 1318 1901 1378 censet.
1950 1312 2299 1379 Auctorem
2329 1314 2389 1379 A
2420 1314 2865 1381 Hermeticum

513 1422 724 1488 1111666
771 1420 1176 1501 scriptorem,
1227 1420 1337 1500 qui
1383 1436 1605 1484 61111166
1651 1419 1939 1499 corporis
1986 1424 2210 1500 partes
2257 1426 2326 1486 et
2368 1422 2751 1487 utilissimas
2798 1428 2867 1486 et

507 1527 1012 1610 pulcherrimas,
1100 1526 1380 1607 denique
1465 1530 1671 1591 totum
1749 1526 2073 1591 hominem
2150 1526 2232 1591 ad
2315 1527 2664 1609 imaginem
2742 1528 2869 1594 Dei

515 1635 764 1703 factum
849 1652 998 1699 esse
1074 1633 1519 1699 demonstrare
1595 1632 1931 1699 voluisset.
2051 1632 2306 1699 Brandt
2388 1635 2482 1699 ita
2574 1633 2868 1701 iudicans

513 1742 726 1823 ipsius
819 1740 1150 1807 Lactantii
1241 1740 1610 1806 testimonio
1700 1742 1961 1822 nititur,
2066 1741 2178 1806 ubi
2270 1741 2549 1823 scriptor
2624 1741 2869 1823 dicit⁴):

515 1848 735 1931 „quod
826 1849 1106 1914 Hermes
1197 1864 1452 1928 quoque
1527 1847 1747 1929 tradit,
1827 1848 1937 1927 qui
2012 1866 2140 1913 non
2215 1854 2466 1915 tantum
2543 1849 2869 1916 hominem

511 1956 606 2021 ad
673 1956 1020 2037 imaginem
1080 1955 1186 2021 dei
1253 1955 1496 2020 factum
1558 1972 1707 2020 esse
1770 1953 1936 2020 dixit
1992 1974 2032 2020 a
2078 1954 2219 2038 deo,
2283 1956 2399 2021 sed
2464 1957 2663 2021 etiam
2708 1956 2870 2022 illud

513 2063 871 2144 explanare
915 2062 1284 2144 temptavit,
1333 2077 1524 2141 quam
1573 2061 1799 2127 subtili
1845 2062 2098 2128 ratione
2157 2063 2418 2145 singula
2463 2080 2757 2144 quaeque
2802 2066 2872 2130 in

514 2188 788 2249 corpore
849 2170 1128 2235 hominis
1198 2172 1488 2235 membra
1548 2169 1948 2251 formaverit,
2017 2170 2186 2250 quod
2257 2188 2476 2235 eorum
2537 2171 2701 2236 nihil
2764 2174 2869 2255 sit,

509 2277 692 2356 ouod
735 2296 864 2343 11611
911 2276 1295 2343 tantundem
1337 2276 1418 2341 ad
1449 2294 1606 2343 usus
1637 2278 2098 2343 necessitatem
2128 2282 2439 2358 quantum
2470 2279 2553 2343 ad
2595 2278 2874 2359 pulchri-

507 2386 813 2452 :tudinem
885 2386 1117 2450 valeat.
1206 2383 1285 2448 Id
1357 2402 1514 2451 vero
1579 2384 1778 2449 etiam
1826 2382 2049 2467 Stoici,
2113 2402 2257 2450 cum
2322 2384 2404 2450 de
2464 2385 2876 2467 providentia

531 2492 882 2575 disserunt,
944 2492 1163 2558 186616
1239 2498 1552 2558 conantur
1631 2499 1700 2556 et
1762 2499 2023 2557 secutus
2087 2510 2198 2557 eos
2268 2492 2517 2559 Tullius
2588 2494 2882 2575 pluribus

516 2598 791 2679 quidem
850 2599 1012 2665 16616
1060 2650 1073 2665 .
1123 2649 1136 2662 .
1184 2598 1242 2661 .“
1336 2598 1739 2681 Quamquam
1785 2598 2040 2664 Brandt
2096 2600 2424 2666 Lactantii
2473 2600 2882 2667 Hermeticas

529 2714 752 2785 partes
798 2706 1104 2771 distincte
1151 2706 1498 2787 designare
1537 2706 1785 2787 nequit,
1832 2712 2050 2773 tamen
2099 2706 2226 2773 sibi
2271 2709 2600 2788 persuasit
2644 2726 2729 2773 ex
2759 2710 2884 2775 hoc

515 2814 708 2879 fonto
756 2820 953 2893 caput
998 2812 1060 2892 2,
1110 2807 1312 2878 multa
1357 2812 1426 2877 in
1475 2832 1614 2894 cap.
1662 2813 1727 2887 5,
1777 2819 1971 2895 caput
2020 2814 2081 2895 7,
2141 2814 2471 2896 complura
2515 2816 2577 2880 in
2629 2834 2768 2897 cap.
2818 2814 2880 2899 8,

531 2920 570 2981 1
611 2956 619 2960 -
665 2920 726 3000 8,
761 2921 962 2984 11111118
1004 2921 1071 2983 111
1114 2938 1249 2999 cap.
1284 2920 1387 3002 10,
1432 2924 1626 2999 caput
1670 2918 1754 2983 13
1798 2919 2142 3001 fluxisse⁶).
2220 2921 2457 2987 Utrum
2502 2922 2879 2990 Lactantius

517 3026 863 3131 exemplar
941 3024 1260 3091 Graccum
1337 3046 1416 3092 an
1491 3028 1987 3093 translationem
2063 3028 2367 3093 Latinam
2443 3036 2595 3095 ante
2665 3030 2883 3096 oculos

520 3132 834 3197 habuerit
880 3132 1196 3198 Brandtio
1243 3134 1673 3200 deliberatum
1724 3151 1849 3200 non
1897 3142 2015 3201 est.
2063 3170 2147 3179 ——

710 3241 1006 3305 Alterum
1053 3246 1400 3316 auctorem,
1451 3259 1641 3321 quem
1708 3242 1961 3307 Brandt
2020 3242 2188 3324 siglo
2234 3242 2290 3307 B
2332 3242 2677 3326 significat,
2728 3244 2884 3309 scri-

518 3351 782 3426 apt-,orem
829 3346 1138 3411 Latinum
1193 3347 1398 3414 fuisse
1459 3355 1702 3430 censet,
1771 3349 1881 3427 qui
1944 3350 2231 3430 corporis
2276 3343 2697 3431 perfectionis
2740 3349 2882 3417 1616

520 3452 773 3518 nullam
849 3454 1167 3519 rationem
1243 3452 1665 3537 habuisset0).
1798 3455 1901 3520 Ex
2001 3456 2123 3522 boc
2212 3456 2393 3523 fonte
2469 3457 2881 3523 Lactantium

525 3560 838 3626 nonnulla
883 3578 1126 3642 eorum,
1177 3578 1341 3641 quac
1388 3562 1455 3625 111
1489 3563 1702 3641 priore
1734 3569 1923 3644 parte
1956 3569 2237 3645 exstant,
2284 3564 2631 3645 praecipue
2669 3565 2886 3631 omnia

515 3668 887 3749 veriloquia
918 3667 1344 3749 Varroniana‚
1393 3674 1463 3734 et
1506 3654 1783 3750 pl‘urima
1830 3687 2070 3750 eorum,
2119 3686 2285 3749 quae
2331 3670 2398 3735 in
2447 3670 2655 3737 altera
2686 3678 2874 3753 parte

511 3772 1003 3853 describuntur,
1055 3778 1414 3855 sumpsisse
1462 3776 1811 3841 existimat.
1860 3810 1975 3829 —--

711 3982 753 4050 ¹)
790 3982 858 4037 61.
898 3984 1112 4040 Brandt
1147 4001 1200 4053 p.
1239 3988 1362 4053 270,
1401 3988 1522 4040 286.

707 4072 749 4136 ⁹)
789 4071 854 4125 61.
901 4073 1110 4129 Brandt
1145 4090 1197 4142 p.
1238 4076 1342 4127 276
1379 4090 1495 4143 sqq.

687 4158 750 4226 ¹⁸)
789 4176 906 4227 cap.
944 4163 995 4227 Β,
1032 4165 1085 4228 4,
1122 4165 1173 4227 6,
1211 4166 1246 4214 8
1283 4163 1316 4233 ξ
1357 4167 1566 4217 12—14
1599 4165 1670 4219 ct.
1711 4166 1926 4221 Brandt
1961 4182 2013 4234 p.
2051 4169 2176 4220 289.

685 4246 750 4317 ⁴)
791 4248 978 4305 Instit.
1018 4250 1094 4315 Π,
1136 4252 1218 4318 10,
1259 4254 1345 4306 13.

707 4340 753 4405 ⁸)
793 4338 1006 4393 Brandt
1041 4355 1092 4407 p.
1131 4341 1253 4391 275.

687 4426 749 4495 ⁰⁶)
788 4428 1004 4483 Brandt
1027 4445 1091 4497 J).
1121 4430 1253 4481 282.
