3425 5167
1552 464 1995 527 —62*-

566 641 850 725 :similia‚
881 643 1248 709 hominibus
1283 663 1442 711 vero
1478 662 1705 709 manus
1737 643 1961 708 factae
1985 644 2135 710 sint
2168 644 2476 710 Eandem
2508 664 2646 708 rom
2682 645 2957 709 Lactan-

569 750 722 815 tius
768 749 872 815 his
917 752 1136 816 verbis
1185 752 1494 833 exprimit
1533 751 1612 832 (c.
1646 752 1702 815 V
1742 748 1838 835 2):
1893 769 2015 827 „ex
2061 754 2203 834 ipso
2251 758 2469 817 autem
2510 752 2776 817 vasculo
2816 769 2957 819 cor·

589 856 770 938 poris
832 864 1138 936 quattuor
1203 858 1364 923 fecit
1424 858 1741 939 extantia,
1808 858 1964 923 bina
2027 858 2377 940 posterius,
2439 874 2605 937 qnae
2668 867 2824 923 sunt
2882 859 2952 923 in

567 962 890 1029 ··0mnibus
934 964 1157 1047 pedes,
1204 966 1362 1031 item
1408 966 1566 1030 bina
1605 965 1804 1047 capiti
1851 970 1921 1031 et
1964 966 2129 1032 collo
2177 966 2490 1049 proxima,
2537 980 2705 1044 quae
2735 967 2951 1031 varios

590 1089 746 1136 usus
793 1070 1229 1137 animantibus
1285 1074 1622 1154 praebent,
1679 1072 1749 1137 in
1798 1072 2153 1154 pecudibus
2201 1073 2372 1138 enim
2419 1090 2497 1137 ac
2542 1072 2702 1137 feris
2747 1074 2950 1153 pedes

565 1184 745 1243 sunt
790 1178 1256 1259 posterioribus
1304 1180 1571 1262 simileS,
1617 1180 1683 1243 in
1732 1180 1992 1245 homine
2040 1188 2256 1245 autem
2302 1197 2551 1261 manu8‚
2608 1196 2775 1259 quae
2819 1198 2947 1245 non

565 1284 673 1350 :ad
705 1285 1181 1368 ambulandum,
1214 1286 1330 1352 sed
1365 1286 1448 1352 ad
1477 1285 1843 1352 faciendum
1878 1288 2359 1365 tenendumque
2389 1294 2545 1353 sunt
2572 1292 2829 1351 natae“.
2862 1323 2947 1331 —

771 1391 1082 1459 Galenus
1119 1398 1458 1474 postquam
1506 1394 1981 1460 demonstravit
2009 1394 2305 1459 homines
2336 1392 2417 1457 ad
2450 1393 2947 1476 ingrediendum

589 1508 661 1565 et
737 1500 1129 1581 operandum
1207 1500 1564 1581 aptissimis
1650 1501 2103 1566 instrument-is
2172 1501 2530 1566 instructos
2592 1519 2774 1582 esse,
2853 1500 2943 1565 di·

569 1608 936 1688 :gressione
1003 1608 1179 1673 facta
1242 1610 1324 1688 (p.
1392 1606 1775 1692 169—175)
1842 1609 2126 1690 quaerit,
2195 1627 2347 1673 num
2410 1607 2816 1689 hominibus,
2886 1608 2944 1673 si

567 1714 819 1779 -eodem
867 1715 1054 1781 modo
1100 1723 1295 1795 atque
1329 1706 1636 1781 Centauri
1678 1723 1981 1795 quattuor
2013 1715 2212 1796 pedes
2246 1722 2315 1779 et
2343 1723 2685 1795 praeterea
2716 1733 2943 1780 manus

571 1822 1037 1905 :.accepissent,
1116 1823 1270 1888 talis
1348 1812 1636 1905 corporis
1714 1823 1966 1889 indoles
2044 1823 2273 1889 maiori
2349 1822 2622 1887 utilitati
2690 1821 2941 1887 fuisset.
3031 1800 3037 1817 ¹

565 1927 800 2011 Quam
861 1929 1228 2011 opinionem
1288 1929 1682 1996 reiciendam
1746 1947 1893 1995 esse
1956 1936 2215 2011 censet,
2286 1930 2449 2009 quod
2508 1928 2803 1994 homines
2848 1930 2942 1993 ita

567 2036 950 2117 comparati
1019 2035 1101 2101 ad
1171 2056 1393 2103 omnes
1464 2037 1604 2103 fere
1668 2056 1777 2103 res
1849 2038 2266 2115 actionesque
2336 2034 2765 2116 perficiendas
2825 2036 2949 2119 im·-

586 2143 989 2225 pedirentur.
1081 2144 1338 2211 Deinde
1399 2143 1690 2211 Galenus
1710 2195 1726 2226 ,
1796 2145 1899 2224 qui
1964 2144 2031 2207 in
2092 2144 2214 2209 hac
2276 2143 2734 2226 explanatione
2796 2160 2941 2207 cum

577 2250 937 2316 :Lactantio
1014 2250 1121 2317 vel
1182 2252 1524 2317 Ambrosio
1600 2252 1767 2317 nihil
1835 2269 2171 2316 commune
2233 2251 2452 2331 habet,
2480 2282 2483 2285 -
2516 2250 2599 2314 ad
2659 2249 2943 2329 priorem

567 2358 1098 2440 -disputationem
1163 2376 1468 2425 reversus
1525 2360 1812 2424 ostendit
1858 2359 2053 2424 etiam
2103 2358 2556 2438 quadrupedes
2604 2354 2940 2421 multifidis

565 2472 661 2532 et
722 2464 947 2531 solidis
1010 2466 1304 2548 ungulis,
1369 2467 1637 2531 aduncis
1699 2466 2060 2547 unguibuS‚
2128 2465 2430 2530 cornibus
2488 2465 2582 2528 ita
2654 2468 2938 2528 armatos

563 2591 759 2655 esse,
837 2578 911 2638 ut
984 2572 1224 2654 optime
1301 2574 1532 2653 cuique
1608 2578 2030 2651 praecautum
2108 2577 2177 2637 et
2252 2576 2667 2651 prospectum
2744 2575 2939 2635 esset.

566 2678 911 2746 -Similiter
968 2680 1350 2745 Lactantius
1415 2680 1480 2744 in
1545 2698 1598 2743 c.
1647 2680 1715 2743 II
1776 2679 2089 2745 creatoris
2156 2677 2632 2757 providentiam
2695 2677 2937 2759 laudat,

589 2789 798 2855 veluti
843 2784 1140 2871 c.11§4
1193 2788 1451 2869 „itaque
1499 2786 1629 2851 alia
1676 2804 1899 2851 eorum
1944 2786 2052 2853 vel
2099 2785 2336 2865 plumis
2381 2785 2639 2851 levibus
2686 2785 2754 2848 in
2792 2785 2935 2850 snb·

589 2895 742 2961 lime
789 2913 1108 2976 suspensa
1154 2900 1308 2960 sunt
1366 2894 1471 2960 vel
1517 2892 1787 2959 suffulta
1834 2894 2095 2975 ungulis
2126 2894 2234 2959 vel
2266 2892 2939 2973 instructa.cornibus‚

568 3002 977 3083 ‘quibusdam
1040 3004 1106 3067 in
1172 3020 1283 3069 ore
1345 3021 1524 3067 arma
1585 3009 1739 3066 sunt
1800 3001 2031 3066 dentes
2094 3007 2207 3065 aut
2268 3001 2335 3065 in
2384 3000 2657 3079 pedibus
2707 2998 2942 3064 adunci
2992 3048 2995 3051 .

572 3128 878 3192 ungues:
927 3108 1090 3174 nulli
1137 3108 1604 3173 munimentum
1651 3108 1735 3172 ad
1781 3108 2054 3173 tutelam
2104 3109 2205 3172 sui
2253 3106 2499 3172 deest“.

770 3216 872 3281 Ex
946 3217 1061 3281 tali
1140 3216 1701 3297 argumentatione
1766 3212 2057 3279 Galenus
2120 3213 2445 3279 concludit
2506 3213 2741 3278 ceteris
2803 3212 2937 3277 ani-

571 3325 918 3390 ·-mantibus
963 3323 1328 3388 rectissime
1376 3327 1679 3402 quattuor
1724 3322 1945 3402 pedeS,
1994 3322 2239 3386 homini
2272 3338 2447 3401 vero,
2499 3320 2605 3399 qui
2643 3320 2939 3386 manibus

564 3436 661 3497 et
705 3430 955 3495 ratione
1000 3428 1334 3509 praeditus
1371 3429 1493 3493 hoc
1527 3430 1921 3493 munimento
1956 3446 2079 3493 non
2114 3437 2327 3509 egeat,
2378 3427 2535 3491 duos
2568 3428 2939 3493 convenire.

591 3538 810 3603 Unum
867 3540 1122 3602 tantum
1185 3537 1604 3601 animantium
1668 3554 1876 3617 genus
1925 3536 2197 3617 excipit,
2258 3533 2429 3614 quod
2476 3534 2701 3599 eodem
2747 3533 2935 3599 modo

565 3651 789 3725 ‚atque
833 3644 1127 3709 homines
1176 3644 1361 3724 bipes
1410 3644 1831 3708 constitutum
1880 3642 1996 3723 sit,
2055 3642 2310 3707 scilicet
2356 3659 2532 3723 aveS,
2583 3640 2659 3706 ct.
2696 3638 2835 3704 Gal.
2869 3659 2930 3718 p.

591 3752 721 3816 178
770 3768 862 3830 sq.
955 3743 1060 3813 διὰ
1118 3758 1322 3812 ταῦτα
1369 3748 1491 3828 μὲν
1537 3746 1612 3835 δὴ
1659 3756 1793 3819 τοῖς
1841 3745 2055 3819 ἄλλοις
2102 3739 2311 3809 ἅπασι
2357 3743 2542 3830 ζῴοις
2584 3752 2721 3816 τοῖς
2766 3739 2937 3807 ἐναί-

563 3879 737 3939 Μμοις
801 3852 1192 3941 τετράποσιν
1249 3848 1418 3919 εἶναι
1473 3855 1726 3936 βέλτιον
1792 3841 1893 3940 ἦν,
1960 3846 2139 3937 ὥπερ
2196 3861 2331 3925 τοῖς
2376 3850 2681 3932 α’ναίμοις
2742 3851 2937 3914 πολύ-

597 3980 769 4026 ποσι·
832 3955 937 4025 διὰ
993 3956 1148 4025 δἀῧ
1205 3958 1518 4026 τάναντία
1581 3965 1829 4023 τούτων
1892 3969 2025 4031 τοῖς
2089 3958 2468 4043 ἀνθρώποις
2526 3960 2809 4042 δίποσιν,
2856 3962 2941 4029 ὡς

583 4060 674 4133 ἂν
712 4070 884 4157 μήτε
929 4072 1040 4153 τῆς
1085 4065 1417 4152 ὠφελείας,
1482 4052 1550 4155 ἧς
1596 4064 1798 4131 τᾶλλα
1861 4066 2008 4153 ζῷα,
2074 4061 2239 4148 πρὸς
2284 4077 2409 4146 ιτοῦ
2467 4065 2767 4153 πλήθους
2813 4073 2940 4127 τῶν

566 4176 830 4241 -.σκελῶν
878 4171 1244 4239 ἀπολαύειν
1289 4177 1636 4257 δεομένοις,
1691 4172 1784 4246 εἰς
1832 4168 2041 4235 πολλά
2081 4192 2154 4235 τε
2186 4172 2705 4263 βλαβησομένοις,
2758 4170 2937 4259 εἰμὴ

561 4284 852 4355 -δίποδες
915 4275 1062 4346 εἶεν.
1127 4280 1288 4345 ἀλλὰ
1343 4283 1606 4353 δίποδες
1665 4280 1792 4360 μὲν
1854 4281 1963 4342 καὶ
2028 4276 2318 4361 ὄρνιθες·
2368 4274 2564 4362 ὀρθὰς
2625 4278 2695 4340 δὲ
2742 4284 2941 4359 μόνος

562 4387 763 4474 ,ζῴων
795 4383 1107 4452 ἁπάντων
1158 4384 1185 4447 ·‘
1236 4391 1590 4472 ἅνθρωπος
1637 4440 1650 4453 .
1701 4440 1712 4452 .
1764 4440 1775 4452 .
