3425 5167
1525 471 1972 537 ...10—

571 660 785 719 tatum
850 652 1105 717 initium
1169 671 1315 721 esse
1362 654 1708 719 voluerunt
1723 652 1792 737 ²),
1861 654 2141 734 scriptor
2202 651 2538 717 contendit
2592 653 2929 719 cerebrum

567 759 828 825 initium
864 778 1212 827 nervorum
1245 767 1312 826 et
1343 779 1667 843 sensuum,
1698 778 1811 826 cor
1840 760 2094 825 initium
2135 760 2539 840 arteriarum,
2588 765 2930 839 praeterea

567 867 754 945 iecur
813 902 882 912 --
930 866 996 933 id
1049 867 1213 947 quod
1263 872 1480 934 mente
1529 867 2045 933 subaudiendum
2070 873 2175 933 est
2212 903 2287 911 —
2327 885 2638 932 venarum
2669 865 2927 930 initium

570 992 738 1047 esse.
817 973 942 1039 Sed
993 974 1144 1053 quid
1191 974 1405 1040 omnia
1449 974 1620 1041 haec
1667 974 2058 1039 medicorum
2107 974 2347 1056 placita
2395 974 2557 1039 satis
2591 974 2773 1044 arida
2803 974 2929 1038 hoc
2970 1020 2973 1023 -

566 1081 708 1146 loco
765 1081 891 1147 sibi
953 1081 1156 1148 velint
1222 1082 1332 1146 vix
1393 1082 1733 1162 quisquam
1794 1099 1878 1147 ex
1940 1082 2078 1146 solo
2144 1080 2485 1146 Ambrosio
2542 1086 2725 1146 recte
2785 1097 2927 1161 per·

567 1188 825 1268 spiciat.
887 1224 975 1233 —
1036 1188 1139 1253 Ex
1199 1188 1497 1268 sequenti
1554 1198 1741 1268 parte
1790 1188 1944 1269 (62),
2010 1188 2118 1253 ubi
2168 1187 2248 1253 de
2304 1187 2571 1253 auribus
2614 1187 2924 1267 disputat,
2987 1209 2991 1213 ·

568 1313 796 1361 rursus
843 1295 1081 1362 clarius
1129 1296 1559 1377 cognoscitur,
1629 1295 1794 1374 quod
1859 1294 2257 1375 propositum
2321 1296 2599 1376 scriptor
2665 1301 2926 1359 secutus

569 1403 676 1467 sit.
756 1401 1021 1483 Triplex
1067 1403 1238 1467 enim
1287 1402 1536 1467 aurium
1586 1420 1817 1467 munus
1864 1420 2011 1468 esse
2059 1402 2480 1482 demonstrat,
2530 1401 2805 1482 primum
2856 1407 2926 1464 ut

569 1509 771 1589 capiti
819 1515 1114 1573 ornatum
1162 1508 1462 1591 afferant,
1512 1508 1747 1575 deinde
1796 1516 1866 1574 ut
1914 1507 2141 1575 sordes
2188 1528 2227 1573 a
2272 1509 2522 1575 vertice
2566 1507 2925 1574 defluentes

567 1615 919 1697 excipiant,
983 1623 1119 1681 tum
1181 1622 1253 1680 ut
1315 1616 1625 1681 interiora
1700 1616 1951 1680 aurium
2030 1616 2267 1681 itinera
2344 1634 2383 1679 a
2442 1614 2708 1681 fortiore
2769 1633 2925 1679 sono

572 1728 893 1789 tueantur.
963 1759 1048 1768 --
1115 1722 1241 1788 Sed
1306 1723 1720 1787 Ambrosium
1790 1741 1865 1788 eo
1912 1741 2177 1803 quoque
2242 1722 2657 1803 descendere,
2725 1727 2797 1785 ut
2856 1723 2925 1785 in

571 1829 893 1894 laudanda
940 1830 1227 1912 corporis
1287 1835 1521 1893 natura
1578 1829 1801 1909 inepte
1847 1847 2057 1907 neque
2120 1847 2245 1893 non
2292 1828 2558 1910 illepide
2606 1835 2922 1909 versetur,

572 1937 724 2001 inde
770 1935 1124 2017 intellegas
1187 1936 1355 2017 quod
1420 1936 1579 2000 dicit
1624 1936 1803 2016 ipsas
1850 1936 2095 2001 aurium
2160 1935 2385 2001 sordes
2434 1937 2574 2001 voci
2620 1934 2925 2017 ligandae

573 2043 842 2108 utilitati
918 2044 1092 2107 haud
1177 2061 1420 2124 parvae
1497 2060 1661 2109 esse.
1778 2042 1851 2108 In
1933 2044 2226 2125 proxima
2300 2044 2713 2126 paragrapho
2791 2041 2924 2122 (63)

569 2151 851 2232 scriptor
910 2150 1198 2215 ostendit
1253 2151 1451 2215 etiam
1511 2167 1704 2216 nares
1764 2150 1846 2215 ad
1904 2150 2133 2216 odores
2181 2150 2529 2231 capiendos
2578 2158 2645 2215 et
2691 2149 2924 2230 capitis

570 2262 1004 2340 purgamenta
1049 2255 1429 2336 recipienda
1476 2257 1715 2337 duplici
1745 2257 2062 2324 foramine
2095 2258 2346 2323 utiliter
2377 2258 2729 2322 instructas
2761 2274 2924 2321 esse.

567 2364 820 2447 Quibus
869 2363 1182 2444 expositis
1229 2365 1631 2446 AmbrosiuS,
1678 2370 2022 2446 postquam
2068 2369 2281 2430 tactus
2330 2382 2588 2430 sensum
2638 2363 2926 2429 breviter

568 2472 795 2553 attigit
857 2468 1017 2555 (64),
1082 2472 1147 2535 in
1213 2473 1511 2550 sequenti
1574 2473 2031 2552 explanatione
2095 2470 2405 2552 (65—68)
2474 2473 2553 2538 de
2612 2472 2921 2551 dentium,

571 2578 768 2659 vocis,
831 2580 1115 2659 linguae,
1186 2579 1315 2643 oris
1380 2580 1755 2644 muneribus
1820 2580 2121 2659 loquitur.
2216 2578 2611 2659 Scriptorem
2675 2581 2739 2644 in
2802 2579 2925 2643 hac

567 2686 1031 2767 disputatione,
1098 2704 1223 2765 qua
1283 2686 1688 2751 demonstrat
1750 2686 2045 2751 homines
2108 2686 2361 2751 ratione
2427 2687 2760 2766 praeditos
2825 2687 2926 2750 in-

567 2792 997 2858 rationalibus
1077 2792 1463 2857 animalibus
1543 2792 1745 2857 111111ῐο
1822 2792 2231 2874 antecedere,
2325 2811 2469 2858 cum
2563 2793 2924 2860 Stoicorum

571 2900 831 2979 placitis
881 2898 1274 2965 concordare
1321 2898 1491 2963 infra
1539 2898 1748 2965 fusius
1798 2900 2283 2979 explicabimus.

752 3006 1136 3072 Ambrosius
1201 3013 1542 3086 postquam
1605 3007 1837 3088 capitis
1875 3007 2328 3088 descriptioni
2400 3008 2562 3072 satis
2626 3008 2923 3087 copiosae

567 3113 762 3179 finem
810 3114 988 3196 fecit,
1037 3114 1190 3179 inde
1237 3132 1276 3177 a
1325 3116 1731 3195 paragrapho
1780 3113 1863 3177 69
1898 3114 2290 3194 reliquarum
2324 3114 2610 3194 corporis
2646 3115 2925 3195 partium
3012 3178 3021 3188 ,

564 3221 784 3287 officia
831 3222 1162 3286 astrictius
1210 3221 1549 3301 percurrit.
1641 3220 1718 3284 In
1770 3220 2159 3302 disputando
2222 3241 2261 3286 a
2308 3222 2603 3286 manibus
2654 3240 2921 3288 exorsus

564 3328 858 3394 ostendit
904 3345 1034 3407 eas,
1085 3345 1227 3390 cum
1273 3326 1563 3406 pericula
1609 3346 1648 3391 a
1696 3345 1963 3408 corpore
2010 3334 2277 3393 arceant
2324 3335 2393 3393 et
2437 3333 2643 3393 totum
2688 3330 2921 3409 capitis

575 3434 886 3499 vorticem
963 3437 1237 3514 comant,
1322 3433 1565 3498 homini
1654 3434 1847 3499 simul
1922 3436 2387 3501 munimentum
2474 3440 2543 3500 et
2627 3443 2921 3501 ornatum

569 3542 904 3624 praebere.
1012 3541 1088 3605 In
1166 3542 1464 3621 sequenti
1540 3547 1731 3623 parte
1806 3549 1828 3621 (
1833 3542 1941 3618 70)
2017 3542 2099 3607 de
2160 3561 2299 3624 usu,
2374 3558 2566 3622 quem
2636 3544 2919 3623 pectoris

562 3650 770 3715 cratis
830 3649 1193 3714 visceribus
1240 3649 1638 3715 mollioribus
1687 3647 1973 3731 afferret,
2023 3650 2273 3715 locutus
2321 3650 2708 3715 sententiam
2756 3644 2917 3710 satis

571 3756 909 3827 ridiculam
986 3757 1231 3837 probat.
1355 3756 1534 3821 Dicit
1617 3757 1788 3823 enim
1866 3775 1975 3822 cor
2060 3756 2206 3821 ideo
2292 3775 2436 3822 cum
2512 3752 2916 3834 pulmonibus

563 3864 978 3928 'coniunctum
1059 3881 1225 3944 esse,
1296 3869 1386 3944 ut,
1466 3882 1610 3929 cum
1695 3864 2082 3929 exardescat
2155 3864 2254 3928 ira
2320 3868 2387 3929 et
2450 3861 2916 3943 indignatione,

570 3970 941 4049 pulmonum
1006 3970 1323 4052 sanguine
1388 3976 1457 4036 et
1517 3988 1738 4036 umore
1803 3970 2156 4052 temperari
2217 3972 2438 4050 possit.
2549 3968 2628 4033 In
2693 3968 2921 4035 eadem

561 4077 872 4157 opinione
933 4076 1062 4141 iam
1135 4077 1319 4142 Plato
1394 4077 1609 4143 fuerat
1623 4074 1696 4160 ²),
1778 4095 2047 4157 quocum
2124 4077 2508 4143 Ambrosius
2578 4078 2777 4144 etiam
2852 4078 2919 4141 in

753 4253 792 4320 ¹)
831 4252 899 4306 cf.
942 4252 1049 4306 Cic.
1101 4252 1181 4306 De
1232 4258 1348 4306 nat.
1400 4253 1544 4307 deor.
1590 4252 1650 4305 ΙΙ
1702 4254 1803 4303 139
1858 4252 2009 4320 ,,Η110
2061 4251 2199 4305 adde
2249 4266 2445 4305 nervos
2486 4294 2498 4305 .
2540 4293 2551 4306 .
2594 4295 2605 4306 .
2646 4254 2737 4319 qui
2775 4253 2922 4305 sicut

567 4357 747 4395 venae
786 4348 844 4397 et
881 4343 1120 4396 arteriae
1158 4358 1190 4395 a
1228 4342 1386 4395 corde
1424 4341 1593 4395 tracti
1635 4346 1690 4395 et
1729 4341 1959 4408 profecti
2001 4341 2056 4393 in
2097 4356 2287 4408 corpus
2326 4356 2484 4413 omne
2521 4342 2811 4394 ducuntur.

753 4431 796 4496 2)
843 4431 980 4483 Tim.
1023 4433 1091 4481 70
1109 4430 1160 4483 C.
