3425 5167
1543 409 1644 465 '--
1748 418 2013 482 ⁴26-

731 620 734 623 ·
789 606 930 671 Hoc
963 624 1216 687 quoque
1263 607 1400 672 loco
1433 608 1816 673 Ambrosius
1863 608 2171 688 pleraque
2217 612 2301 673 ad
2334 611 2602 674 verbum
2650 626 2687 674 e
2720 608 2970 674 Galeno

595 714 968 791 transtulit,
1016 714 1146 778 nisi
1194 714 1360 794 quod
1409 714 1683 780 eandem
1732 715 2123 796 compilandi
2168 713 2487 780 rationem
2534 723 2728 795 atque
2774 734 2972 796 supra

599 826 877 887 secutus
927 821 1210 887 auctoris
1261 822 1629 903 exemplum
1660 822 1883 887 verbis
1920 822 2029 889 vel
2076 823 2385 888 brevibus
2434 821 2967 905 digressionibuS,

597 947 696 993 ex
770 929 1002 1008 quibus
1077 929 1306 994 melior
1381 930 1769 993 naturalium
1852 948 2069 995 rerum
2148 930 2428 1012 cognitio
2501 930 2612 994 vix
2690 948 2968 1009 unquam

599 1036 1008 1118 agnoscitur,
1044 1036 1488 1117 amplificavit.
1541 1036 1891 1122 Praeterea
1914 1037 2210 1102 videmus
2245 1037 2657 1117 Ambrosium
2685 1037 2971 1102 auctoris

599 1144 904 1209 ordinem
967 1144 1031 1206 in
1098 1144 1310 1223 ipsum
1368 1145 1762 1208 contrarium
1825 1144 2122 1210 vertisse.
2228 1144 2392 1208 Nam
2457 1145 2723 1209 ineunte
2782 1162 2999 1233 para-⁴

610 1250 865 1332 grapho
912 1248 996 1313 61
1047 1268 1145 1331 ea,
1211 1268 1373 1329 quae
1423 1249 1714 1317 Galenus
1777 1270 1860 1317 ex
1923 1251 2148 1317 subtili
2204 1252 2769 1333 argumentatione
2824 1270 2968 1316 con·

599 1358 914 1439 cluserat,
977 1356 1208 1438 affert,
1268 1357 1502 1423 deinde
1559 1358 1730 1423 hunc
1786 1359 1995 1423 locum
2041 1360 2335 1441 praebet,
2399 1378 2439 1423 a
2494 1378 2616 1439 quo
2680 1357 2971 1425 Galenus

595 1453 994 1544 ‘disputandi
1042 1464 1297 1528 initium
1345 1466 1623 1545 ceperat.

790 1568 1038 1653 Quibus
1088 1571 1548 1637 demonstratis
1597 1591 1672 1637 eo
1707 1574 2141 1655 pervenimuS,
2190 1579 2264 1638 ut
2309 1573 2639 1655 pleraque,
2689 1592 2856 1653 quae
2901 1573 2969 1637 in

609 1697 878 1760 paragr.
926 1676 1188 1765 59-61
1237 1679 1562 1761 leguntur,
1629 1678 1879 1745 Galeno
1940 1680 2189 1746 auctori
2251 1681 2589 1762 assignare
2635 1682 2971 1761 possimus.

595 1785 794 1868 ¹Quae
872 1804 1016 1849 cum
1098 1785 1195 1850 ita
1265 1787 1417 1866 sint,
1497 1788 1688 1852 etiam
1764 1787 2187 1869 intellegitur,
2268 1806 2383 1851 cur
2449 1788 2832 1852 Ambrosius
2903 1788 2968 1851 in

625 1910 883 1973 paragr.
963 1891 1046 1957 61
1125 1892 1317 1957 aliam
1397 1894 1725 1958 scribendi
1797 1894 2115 1958 rationem
2190 1894 2561 1959 adhibuerit
2636 1901 2829 1973 atque
2904 1894 2973 1957 in

595 2000 849 2065 ceteris
899 2002 1209 2079 partibus.
1305 2000 1466 2065 Nam
1511 2002 1622 2064 illo
1668 2000 1808 2065 loco
1855 1999 2245 2065 medicorum
2294 2002 2534 2081 placita
2581 2003 2742 2065 satis
2784 2001 2966 2065 arida

599 2108 904 2189 praebet,
954 2108 1208 2172 cum-in
1257 2108 1508 2187 reliqua
1555 2108 1957 2187 expositione
2018 2107 2172 2193 fere·
2204 2127 2463 2188 semper
2522 2127 2597 2173 eo
2643 2108 2961 2189 intendat,

612 2219 686 2278 ut
715 2214 1008 2296 singulas
1043 2216 1330 2295 corporis
1364 2225 1584 2294 partes
1619 2219 1809 2295 quam
1843 2215 2351 2305 perfectissimas
2386 2216 2703 2280 ostendat.
2782 2213 2963 2297 Quae

605 2322 874 2403 generis
921 2321 1180 2386 dicendi
1223 2322 1508 2387 varietas
1540 2341 1619 2385 ex
1653 2320 1901 2387 Galeno
1935 2324 2313 2403 explicatur,
2365 2324 2490 2402 qui,
2544 2342 2685 2389 cum
2718 2336 2963 2387 certam

608 2447 742 2493 rem
795 2429 1241 2494 demonstrare
1277 2429 1508 2517 vellet,
1575 2431 1637 2493 in
1707 2448 1825 2495 sua
1872 2430 2320 2509 disquisitione
2368 2431 2653 2508 corporis
2699 2428 2964 2493 humani

596 2536 1078 2617 perfectionem
1128 2536 1339 2600 minus
1389 2538 1716 2628 respicere
1767 2538 1989 2616 potuit.
2072 2537 2390 2601 Galenum
2439 2546 2655 2601 autem
2704 2544 2964 2601 secutus

589 2650 711 2709 ·est
741 2644 1146 2725 Ambrosius,
1195 2643 1303 2723 qui
1351 2662 1475 2708 non
1527 2642 1711 2708 modo
1759 2662 1865 2709 res
1911 2649 2248 2725 tractatas,
2298 2646 2411 2709 sed
2459 2630 2659 2709 etiam
2707 2642 2964 2709 dicendi

590 2751 887 2816 -colorem
935 2752 1180 2815 auctori
1229 2767 1344 2815 suo
1393 2750 1604 2816 debet.
1651 2786 1741 2795 --

607 2865 611 2869 “
789 2858 1142 2937 Postquam
1188 2858 1310 2921 hoc
1341 2858 1919 2943 comprobavimuS,
1966 2859 2328 2923 redeamus.
2356 2858 2434 2923 ad
2482 2860 2963 2941 paragraphum

591 2964 717 3047 60,
765 2964 876 3029 ubi
922 2965 1304 3030 Ambrosius
1351 2984 1448 3046 ea,
1499 2984 1663 3046 quae
1709 2966 1792 3031 de
1851 2966 2053 3030 oculis
2100 2969 2183 3032 ab
2239 2967 2409 3032 omni
2466 2973 2652 3047 parte
2700 2967 2965 3031 munitis

595 3072 878 3155 gii-ofert,
928 3090 965 3137 e
1000 3070 1248 3137 Galeno
1281 3079 1610 3138 mutuatus
1643 3079 1763 3138 est.
1843 3072 1969 3138 Sed
2012 3074 2134 3138 hoc
2165 3082 2427 3139 auctore
2469 3061 2732 3139 uberius
2766 3074 2962 3139 etiam

592 3180 690 3245 -de
739 3180 1067 3245 oculorum
1115 3180 1399 3261 orbibuS,
1458 3180 1539 3245 de
1584 3180 1937 3261 palpebris,
2006 3180 2173 3245 ciliis
2222 3182 2530 3262 disputat,
2602 3182 2685 3246 de
2731 3182 2961 3261 quibu·

605 3286 900 3353 Galenus
945 3286 1012 3349 in
1062 3287 1172 3351 illo
1220 3292 1514 3352 tractatu.
1551 3288 1712 3352 nihil
1762 3287 1934 3353 dicit.
2027 3287 2269 3353 Tamen
2329 3306 2706 3367 persuasum
2752 3288 2962 3353 habeo

595 3393 1022 3458 Ambrosium
1069 3393 1136 3456 in
1182 3381 1308 3458 hac
1335 3412 1586 3474 quoque
1618 3394 2045 3477 expositione,
2093 3395 2159 3457 in
2194 3413 2385 3474 quam
2417 3396 2757 3459 nonnullos
2788 3396 2962 3459 locos

603 3519 646 3566 e
715 3500 902 3565 libris
979 3501 1184 3565 sacris
1273 3499 1645 3581 desumptos
1720 3502 2050 3584 inspersit,
2138 3498 2372 3566 Galeni
2452 3501 2745 3565 doctrina
2820 3500 2960 3564 niti.

599 3608 840 3687 {Itaque
885 3607 1242 3689 videamus,
1291 3608 1443 3687 quid
1491 3608 1970 3688 probabilitatis
2020 3608 2237 3687 specie
2284 3607 2367 3671 ad
2411 3608 2583 3671 hunc
2630 3614 2959 3670 auctorem

604 3715 840 3780 referri
893 3717 1111 3793 possit.
1159 3750 1249 3759 -

789 3822 1172 3887 Ambrosius
1235 3830 1574 3902 postquam
1637 3821 1963 3888 oculorum
2035 3822 2227 3886 situm
2298 3820 2583 3899 undique
2645 3822 2961 3885 munitum

594 3928 1032 4009 mraedicavit,
1099 3946 1318 3993 eorum
1379 3928 1827 4010 crystallinam
1889 3930 2173 4009 speeiem
2234 3926 2472 4007 laudat,
2549 3944 2693 3991 cum
2755 3926 2959 3992 dicat:

590 4036 828 4118 „inter
903 4035 1066 4100 haec
1142 4035 1337 4100 medii
1413 4042 1568 4100 sunt
1643 4036 1970 4100 oculorum
2024 4037 2254 4101 orbes·
2454 4084 2465 4096 .
2522 4034 2589 4128 in
2669 4032 2964 4115 crystalli

607 4128 896 4223 speciem
957 4142 1423 4225 refulgentes.“
1477 4140 1480 4145 ’
1535 4141 1850 4214 Similiter
1912 4142 2201 4231 Galenus
2262 4142 2329 4207 in
2393 4141 2619 4213 eodem
2678 4147 2963 4207 tractatu

589 4240 934 4316 «oculorum
1001 4250 1450 4332 crystallinum
1511 4236 1869 4332 humorem,
1942 4249 2009 4313 in
2073 4244 2262 4329 quem
2330 4249 2517 4316 nervi
2582 4248 2809 4314 molles
2868 4247 2965 4312 in.-

589 4363 935 4439 .serantur,
986 4366 1443 4423 commemorat
1487 4358 1708 4423 verbis
1760 4375 1913 4423 usus
1962 4358 2045 4438 (p.
2093 4355 2248 4433 635)
2293 4354 2374 4419 τὰ
2422 4354 2491 4418 δὲ
2539 4360 2647 4431 (sc.
2696 4359 2942 4436 νεύρων
