3425 5167
1630 454 2071 521 —30-

620 635 953 699 Ambrosii
1001 635 1425 701 elocutionem
1474 634 1890 716 conspicitur.
1981 634 2393 699 Ambrosium
2458 635 2650 709 enim,
2700 635 2809 715 qui
2853 634 2983 698 has

620 742 917 807 homilias
985 742 1066 807 ad
1130 743 1435 823 populum
1479 741 1729 823 habuit,
1780 742 2059 807 sermoni
2118 761 2233 807 suo
2279 741 2631 807 oratorium
2677 747 2973 807 ornatum

623 849 951 913 addidisse
1013 854 1518 915 consentaneum
1583 856 1702 914 est.
1813 849 2045 929 Itaque
2104 848 2389 914 auctoris
2449 848 2705 913 dicendi
2767 866 2981 931 genus

617 956 880 1037 saepius
928 974 1258 1037 exsangue
1307 964 1374 1021 et
1420 956 1669 1041 aridum
1715 957 2186 1022 sententiarum
2233 974 2431 1021 sensu
2477 956 2835 1037 immutat0‚
2881 956 2983 1019 in·

621 1062 918 1143 signibus
967 1064 1187 1131 verbis
1235 1064 1440 1129 veluti
1489 1064 1841 1130 luminibus
1889 1063 2181 1145 adiectiS,
2232 1063 2749 1145 digressionibus
2781 1062 2991 1127 factis‘

619 1179 754 1234 tam
817 1170 997 1235 varie
1063 1171 1404 1237 exornavit
1432 1226 1438 1233 .
1465 1177 1533 1236 et
1593 1171 1675 1235 ad
1738 1171 2018 1237 rhetoris
2084 1190 2266 1236 usum
2330 1170 2855 1251 accommodavit,
2902 1178 2985 1235 ut

621 1295 860 1359 magna
904 1274 1304 1358 imaginandi
1350 1287 1417 1343 et
1462 1278 1748 1360 fingendi
1799 1297 1907 1343 ars
1954 1279 2014 1344 ei
2062 1277 2420 1343 abiudicari
2464 1295 2595 1342 non
2634 1278 2855 1357 possit.
2886 1312 2984 1320 —

1722 1706 1863 1789 §4-

1170 1840 1276 1905 Do
1321 1839 1629 1922 Apuleio
1677 1839 2047 1907 Ambrosii
2094 1841 2419 1907 auctore.

803 1975 1148 2055 Apuleium
1196 1975 1646 2055 philosophum
1697 1975 2103 2041 Platonicum
2164 1976 2334 2057 apud
2384 1983 2679 2055 posteros
2716 1994 3019 2041 summa,

617 2083 1006 2147 auctoritate
1052 2082 1358 2162 floruisse
1393 2091 1617 2147 nomm
1667 2092 1786 2148 est.
1864 2082 2027 2147 Nam
2076 2102 2220 2148 cum
2254 2084 2534 2147 omnium
2568 2083 2979 2149 doctissimus

617 2197 688 2255 et
756 2190 916 2255 artis
989 2190 1279 2271 magicae
1348 2191 1785 2270 peri;issimus
1858 2191 2226 2271 haberetur,
2299 2190 2438 2255 eins
2508 2190 2661 2255 libri
2731 2190 2843 2254 diu
2910 2191 2978 2253 in

619 2296 948 2361 hominum
1033 2296 1340 2362 memoria
1432 2299 1883 2363 xersabantur.
2013 2297 2132 2361 Vir
2224 2298 2450 2365 doctus
2546 2297 2909 2379 Weymann
2927 2295 2984 2379 ¹)

617 2406 935 2485 exemplis
969 2424 1006 2470 e
1037 2404 1439 2483 Tertulliani,
1487 2404 1533 2468 J
1538 2406 1649 2469 ulii
1677 2404 1961 2485 Valerii,
1985 2406 2286 2485 ZenoniS‚
2321 2404 2667 2486 Ammiani,
2704 2405 2985 2486 Dictyis,

625 2514 914 2592 Ausonii,
985 2512 1288 2576 Martiani
1361 2511 1681 2593 Capellae,
1754 2512 2089 2577 Claudiani
2173 2513 2495 2592 Mamerti,
2583 2512 2983 2593 Apollinaris

621 2617 870 2683 Sidonii
947 2619 1132 2683 libris
1213 2620 1479 2697 prolatis
1560 2619 2049 2700 demonstravit,
2137 2639 2327 2699 quam
2397 2618 2602 2683 multa
2682 2619 2989 2684 lectionis

622 2727 1027 2805 Apuleianae
1094 2727 1376 2807 vestigia
1440 2727 1609 2806 apud
1675 2735 2021 2805 sequentes
2069 2728 2420 2805 scriptores
2478 2731 2547 2791 et
2590 2726 2985 2790 christianos

619 2841 688 2897 et
737 2832 1035 2898 ethni‹·os
1085 2843 1442 2897 occurrant.
1521 2832 1646 2897 Sed
1697 2854 1889 2898 unum
1942 2834 2044 2899 vir
2090 2834 2316 2899 doctus
2362 2851 2627 2915 prorsus
2668 2832 2985 2912 neglexit,

629 2941 1046 3006 Ambrosium
1097 2942 1257 3023 dice,
1310 2961 1494 3020 quem
1545 2943 1610 3005 in
1661 2941 2091 3007 describenda
2122 2941 2409 3021 corporis
2455 2940 2719 3005 humani
2748 2946 2985 3003 natura

621 3058 756 3114 tam
805 3049 1094 3113 studiose
1131 3050 1475 3130 Apuleium
1522 3048 1844 3113 imitatum
1896 3067 2041 3113 esse
2088 3049 2387 3115 existimo
2438 3066 2628 3127 quam
2668 3047 2780 3113 vix
2814 3047 2991 3126 quis·

626 3174 814 3235 quam
865 3165 1226 3221 ceterorum
1275 3158 1686 3221 imitatorum.

801 3261 1063 3326 Summa
1111 3264 1558 3342 philosophiae
1610 3263 1843 3341 Apulei
1908 3264 2273 3327 continetur
2320 3264 2414 3326 eis
2476 3262 2685 3342 libris,
2750 3262 2989 3339 quibus

619 3370 721 3433 De
769 3369 1043 3433 Platone
1091 3379 1159 3432 et
1205 3370 1343 3433 eius
1392 3368 1694 3449 dogmate
1742 3369 2135 3434 inscribitur.
2231 3369 2456 3432 Priore
2504 3368 2689 3448 libro,
2739 3368 2805 3431 in
2859 3386 2990 3445 quo-

617 3475 901 3555 scriptor
947 3477 1257 3555 pleraque
1305 3495 1386 3539 ex
1434 3475 1728 3541 Platonis
1779 3475 1984 3557 libris,
2032 3476 2327 3555 inprimis
2390 3492 2471 3537 ex
2518 3474 2801 3543 Timaeo,
2852 3474 2983 3536 alia

620 3602 702 3648 ex
771 3584 1242 3648 recentioribus
1314 3584 1600 3649 fontibus
1672 3584 2003 3666 repetivit,
2069 3582 2149 3647 de
2226 3580 2509 3644 naturali
2574 3578 2983 3659 philosophia

620 3690 856 3771 agitur.
979 3690 1055 3755 In
1147 3691 1596 3755 distribuenda
1699 3691 1975 3755 materia
2074 3688 2389 3769 Apuleius
2478 3705 2620 3749 eum
2716 3683 2980 3748 exhibet

621 3796 934 3877 ordinem,
993 3804 1063 3860 ut
1121 3817 1158 3861 a
1217 3798 1507 3861 Platonis
1563 3798 1700 3860 vita
1748 3814 2014 3860 exorsus
2074 3795 2153 3859 de
2210 3793 2485 3874 singulis
2534 3789 2988 3871 philosophiae

619 3904 934 3983 partibuS,
981 3901 1064 3967 de
1107 3902 1247 3983 deo,
1283 3905 1578 3984 materia,
1630 3922 1844 3968 rerum
1878 3904 2123 3985 formis,
2162 3901 2523 3980 elementis,
2559 3899 2984 3978 temporibus,

621 4009 1060 4084 daemonibus,
1144 4010 1418 4089 denique
1499 4012 1578 4075 de
1641 4011 1901 4075 animali
1970 4012 2249 4075 omnium
2318 4018 2726 4074 terrenorum
2796 4024 2979 4087 prae-

621 4116 1046 4197 stantissimO,
1115 4116 1367 4183 scilicet
1410 4119 1689 4198 homine,
1757 4119 2052 4184 disserat.
2145 4118 2217 4182 In
2284 4136 2422 4196 cap.
2470 4114 2643 4179 XIII
2690 4112 2987 4178 Platonis

619 4231 968 4303 praecepta
1027 4232 1288 4291 secutus
1350 4225 1430 4291 de
1487 4227 1699 4291 anima
1757 4225 2087 4306 tripertita
2134 4224 2444 4306 disputat,
2502 4223 2568 4287 in
2630 4239 2768 4300 cap.
2815 4217 2987 4283 XIV

801 4402 840 4464 1)
883 4402 1021 4454 Acta
1059 4401 1222 4454 Aead.
1299 4403 1513 4456 Monac.
1557 4418 1606 4457 a.
1646 4403 1782 4453 1893
1826 4401 1928 4455 vol.
1970 4401 2025 4453 11
2063 4417 2113 4467 p.
2152 4401 2258 4451 340
2296 4414 2413 4465 sqq.
