3425 5167
429 646 750 720 quamque
795 634 1042 703 divina!
1091 690 1104 704 .
1155 690 1166 703 .
1217 691 1230 705 .
1277 640 1401 707 hac
1445 640 1877 722 cohortamur,
1936 641 2061 709 hec
2118 629 2601 722 persuademus,
2651 634 2777 707 hac

429 744 836 811 consolamur
891 745 1187 828 afflictos,
1247 746 1373 813 hac
1417 746 1793 813 deducimus
1839 748 2222 828 perterritos
2262 766 2310 813 a
2354 748 2604 825 timore,
2651 742 2777 815 hac

431 852 793 932 gestientes
877 854 1374 938 comprimimus,
1458 854 1584 920 hac
1650 855 2040 936 cupiditates
2077 855 2611 935 iracundiasque
2676 876 2777 922 re-

433 959 821 1041 stinguimus
858 1012 872 1026 .
908 960 964 1024 ‚⁴⁶
1015 962 1345 1027 Habuitne
1375 963 1759 1029 Ambrosius
1790 963 1963 1028 hunc
1994 961 2323 1028 Ciceronis
2366 962 2578 1030 locum
2624 969 2777 1031 ante

433 1065 690 1132 oculos?
795 1067 936 1133 Hoc
998 1068 1350 1135 diiudicare
1415 1088 1541 1135 non
1606 1069 1908 1151 audeam,
1974 1071 2351 1163 praesertim
2420 1089 2565 1137 cum
2636 1072 2779 1153 ipsa

339 1176 344 1180 ’
433 1177 650 1256 verba,
718 1191 884 1255 qnae
949 1175 1326 1245 Ambrosius
1385 1177 1669 1257 alioquin
1731 1177 2210 1245 studiosissime
2268 1178 2565 1261 arripuit,
2632 1197 2777 1246 cum

433 1282 872 1349 Ciceronianis
915 1284 1182 1350 minime
1221 1291 1606 1365 congruant.
1659 1321 1730 1329 -

611 1407 737 1473 Sed
801 1409 926 1474 alio
993 1411 1132 1475 loco
1190 1410 1577 1476 ‚Ambrosius
1634 1410 1811 1475 haud
1876 1411 2069 1477 dubie
2116 1410 2448 1477 Ciceronis
2494 1412 2780 1494 vestigia

425 1524 815 1596 ¹persecutus
871 1522 989 1582 est.
1081 1516 1162 1583 In
1219 1519 1626 1601 paragrapho
1673 1514 1765 1583 60
1806 1519 2004 1601 enim,
2064 1519 2128 1583 in
2189 1532 2317 1598 qua
2370 1520 2511 1585 fere
2559 1538 2779 1586 omnes

433 1640 542 1689 res
588 1631 903 1691 tractatas
959 1642 999 1710 e„
1045 1624 1277 1693 Galeni
1333 1626 1594 1693 scriniis
1641 1626 2060 1708 deprompsit,
2120 1627 2337 1693 oculos
2392 1627 2780 1693 altissimum

434 1732 640 1797 locum
689 1731 810 1795 sibi
861 1748 1129 1813 poscere
1175 1732 1279 1799 his
1327 1734 1546 1800 verbis
1576 1734 1887 1816 exprimit
1919 1735 2149 1815 „nobis
2181 1738 2398 1800 autem
2432 1735 2497 1799 in
2532 1754 2781 1801 summa

433 1839 721 1923 corporis
767 1850 954 1921 parte
1001 1841 1305 1907 constitui
1354 1842 1568 1907 oculos
1626 1841 1911 1922 oportuit
1968 1849 2296 1919 tamquam
2343 1842 2406 1906 in
2471 1860 2621 1908 arce
2664 1896 2676 1907 .
2721 1842 2779 1909 .“

434 1948 547 2012 ubi
607 1949 778 2013 arcis
839 1967 1083 2030 vocem,
1151 1947 1316 2027 'quae
1381 1950 1447 2014 in
1507 1948 1744 2015 Galeni
1801 1957 2082 2014 tractatu
2133 1950 2339 2032 deest,
2402 1958 2631 2031 aperte
2700 1968 2782 2017 ex

437 2054 767 2121 Ciceronis
814 2057 952 2121 loco
1000 2056 1325 2123 simillimo
1373 2057 1714 2121 arcessivit
1757 2054 1941 2140 (140)
1995 2056 2277 2137 „Sensus
2324 2064 2540 2126 autem
2585 2060 2781 2123 inter-

438 2170 660 2245 pretes
722 2182 799 2229 ac
857 2164 1064 2229 nuntii
1131 2182 1346 2231 rerum
1409 2165 1476 2229 in
1537 2164 1753 2246 capite
1812 2170 2141 2243 tamquam
2189 2165 2253 2228 in
2316 2184 2465 2229 arce
2513 2165 2781 2231 mirifice

437 2270 518 2335 ad
563 2290 735 2337 ‘usus
796 2273 1202 2337 necessarios
1265 2279 1332 2337 et
1399 2272 1558 2336 facti
1623 2279 1693 2336 et
1757 2271 2073 2337 conlocati
2134 2279 2301 2336 sunt.
2394 2272 2556 2338 Nam
2614 2272 2781 2338 oculi

437 2385 766 2459 tamquam
813 2381 1256 2461 speculatores
1303 2379 1682 2444 altissimum
1738 2380 1943 2443 locum
2009 2378 2365 2445 obtinent.“
2450 2378 2600 2445 ‘Hoc
2646 2382 2783 2446 loco

437 2486 662 2553 Cicero
737 2488 1064 2553 oculorum
1141 2488 1337 2553 situm
1424 2486 1824 2568 aptissimum
1906 2486 2205 2551 similiter
2291 2486 2514 2551 laudat
2590 2493 2784 2566 atque

439 2592 746 2678 GalenuS,
805 2597 915 2675 qui
979 2614 1088 2661 eos
1153 2596 1292 2675 pari
1355 2595 1541 2659 modo
1602 2613 1747 2659 cum
1810 2594 2325 2674 speculatoribus
2372 2602 2703 2674 comparat
2719 2594 2783 2678 ¹).

437 2701 670 2783 Itaque
717 2703 910 2768 facile
956 2703 1367 2785 perspicitur,
1432 2720 1546 2767 cur
1573 2702 1973 2767 Ambrosius
2039 2701 2103 2765 in
2165 2702 2477 2768 imitando
2537 2700 2785 2768 Galeno

439 2810 630 2876 huius
697 2810 1126 2877 enarrationis
1189 2809 1667 2890 Ciceronianae,
1735 2828 1817 2873 ex
1878 2824 2005 2887 qua
2051 2808 2223 2873 arcis
2277 2827 2499 2875 vocem
2549 2810 2789 2891 eripuit

443 2926 513 2983 et
556 2917 624 2982 in
671 2915 906 2983 Galeni
952 2918 1318 2984 sententias
1363 2917 1719 2999 transtulit,
1768 2916 1989 2981 statim
2035 2916 2413 2981 recordatus
2460 2916 2563 2981 sit.
2616 2951 2684 2959 —

619 3044 914 3124 Denique
979 3062 1175 3108 unum
1222 3044 1426 3109 locum
1478 3060 1560 3106 ex
1605 3041 1916 3107 Cicerone
1965 3041 2238 3122 petitum
2286 3041 2615 3106 subiciam.
2709 3042 2787 3109 In

439 3154 847 3233 paragrapho
909 3150 1014 3232 58,
1085 3152 1154 3215 in
1227 3166 1354 3230 qua
1427 3149 1807 3214 Ambrosius
1871 3148 2210 3229 Apuleium
2287 3148 2643 3233 imitatus2)
2708 3149 2787 3215 de

439 3261 804 3341 superciliis
851 3260 1160 3340 disputat,
1206 3261 1331 3323 hoc
1376 3264 1638 3322 auctore
1687 3256 1949 3321 uberius
1996 3256 2226 3320 scribit
2274 3255 2369 3335 „si
2417 3256 2569 3334 quid
2618 3257 2790 3323 enim
2890 3250 2893 3253 ⁴

441 3366 522 3432 de
569 3367 782 3449 capite
831 3366 1114 3432 sordium
1162 3348 1420 3432 decidat
1467 3374 1579 3430 aut
1623 3366 1909 3428 harenae
1960 3363 2170 3444 pulvis
2216 3368 2331 3427 aut
2374 3380 2481 3427 ros
2513 3364 2789 3430 nebulae

439 3482 554 3539 aut
599 3475 992 3541 umescentis
1040 3474 1304 3539 verticis
1353 3472 1568 3554 sudor,
1619 3471 1941 3551 excipitur
1988 3470 2397 3551 supercilio.“
2467 3468 2605 3552 Quo
2652 3470 2790 3537 loco

439 3582 822 3648 Ambrosius
883 3580 1054 3645 haud
1122 3581 1316 3646 dubie
1361 3579 1598 3643 iterum
1644 3577 2019 3642 Ciceronem
2079 3577 2365 3659 respicit,
2417 3578 2525 3657 qui
2573 3594 2791 3662 super·

441 3690 730 3755 ciliorum
790 3707 976 3753 usum
1021 3688 1219 3753 simili
1265 3688 1452 3754 modo
1502 3686 1835 3769 praedicat
1894 3683 1955 3767 (ἓ
2008 3680 2191 3765 143);
2240 3684 2573 3767 „Plinium
2622 3686 2793 3753 enim

439 3797 778 3877 supeiiora
854 3796 1219 3877 superciliis
1295 3795 1574 3860 obducta
1649 3794 1947 3857 sudorem
2026 3812 2063 3856 a
2146 3793 2359 3873 capite
2430 3799 2498 3857 et
2579 3792 2793 3859 fronte

441 3902 830 3969 defluentem
922 3900 1306 3984 repellunt.“
1452 3903 1745 3983 Apparet
1840 3900 2251 3964 Ambrosium
2342 3898 2466 3965 hoc
2542 3916 2795 3981 quoque

441 4009 771 4076 Ciceronis
819 4012 1116 4091 exemplo
1163 4029 1350 4076 usum
1387 4026 1553 4089 esse,
1601 4016 1674 4070 ut
1705 4008 1990 4071 auctoris
2025 4008 2401 4087 principalis
2434 4024 2795 4075 sermonem

439 4118 788 4183 aridiorem
834 4116 1258 4200 amplificaret
1303 4122 1372 4182 et
1462 4117 1825 4181 exornaret.
1882 4148 1959 4156 —--

627 4308 671 4380 ¹)
711 4312 780 4365 ci.
817 4329 871 4380 p.
907 4312 978 4364 20
1015 4312 1067 4364 h.
1105 4324 1288 4379 opusc.

637 4417 681 4487 2)
718 4418 786 4474 ci.
823 4436 874 4489 p.
913 4420 982 4470 33
1018 4418 1072 4473 11.
1109 4431 1292 4487 opusc.
