3425 5167
1489 482 1883 545 „9—

513 662 809 725 omnibus
849 662 1286 729 animantibus
1339 662 1535 726 multo
1586 671 1937 743 praestare.
1999 662 2076 727 In
2129 664 2427 742 sequenti
2459 661 2888 744 paragrapho«

515 769 650 850 (56)
709 769 996 835 ostendit
1051 777 1247 851 caput
1301 786 1498 851 supra
1541 769 1831 849 reliquos
1878 770 2166 851 corporis
2215 776 2395 834 artus
2441 770 2536 835 ita
2584 770 2888 835 eminere·

515 878 706 944 sicuti
735 879 1001 943 caelum
1051 894 1247 957 supra
1295 877 1636 942 elementa.
1723 876 1820 941 Ex
1868 878 2101 959 capite,
2150 877 2251 942 cui
2286 878 2642 958 imperialis
2676 893 2871 957 qnae·

515 986 664 1050 dam
710 991 1004 1065 potestas
1035 985 1212 1065 insit,
1263 985 1558 1049 omnibus
1589 985 1899 1049 membris
1933 984 2223 1065 vigorem
2267 983 2888 1065 providentiamque·

517 1092 776 1159 deferri.
847 1092 1104 1157 Deinde
1151 1089 1283 1171 (56)
1317 1092 1548 1172 capitis
1580 1093 1894 1157 verticem
1929 1093 2194 1157 summis
2226 1093 2526 1157 laudibus
2559 1093 2886 1174 celebrat‚.

518 1217 640 1278 quo
709 1200 916 1263 omnis
987 1199 1222 1264 aetatis
1291 1216 1613 1277 sexusque
1690 1200 2057 1265 hominibus
2138 1200 2337 1263 mirus
2414 1204 2679 1265 ornatus
2754 1199 2869 1263 im·

516 1307 846 1383 pertiatur.
960 1306 1184 1386 Neque
1243 1312 1498 1371 tantum
1563 1306 2049 1389 pulchritudini,
2115 1307 2227 1371 sed
2294 1312 2490 1373 etiam
2536 1306 2681 1373 usui
2726 1325 2869 1387 pro-

516 1414 724 1479 visum
775 1420 839 1479 et
889 1414 1251 1479 consultum
1300 1432 1464 1494 esse,
1515 1432 1659 1479 cum
1706 1419 1897 1490 caput
1942 1414 2197 1495 capillis
2240 1414 2557 1479 munitum
2604 1434 2643 1478 a
2673 1414 2887 1479 nimio-

517 1521 760 1601 frigore
823 1528 891 1585 et
953 1521 1165 1586 calore
1229 1520 1633 1586 defendatur.
1740 1520 1819 1584 In
1894 1521 2187 1603 proxima
2251 1521 2659 1603 paragrapho
2730 1518 2887 1604 (57)-

517 1628 898 1693 Ambrosius
945 1628 1178 1692 iterum
1231 1628 1464 1708 capitis
1512 1628 1978 1707 praestantiam
2020 1628 2372 1708 praedicat.
2444 1627 2654 1693 Simili
2682 1628 2886 1693 modo·-

519 1743 712 1814 atque
776 1734 961 1799 Plato
1025 1741 1220 1814 caput
1279 1742 1606 1815 tamquam
1678 1736 2005 1819 dominum
2084 1744 2279 1813 atque
2338 1742 2657 1800 rectorem
2724 1753 2870 1801 esse

520 1842 695 1923 dicit,
768 1841 870 1905 cui
939 1849 1160 1907 cetera
1241 1844 1531 1907 membra
1601 1842 1823 1907 servili
1894 1843 2257 1923 gestamine
2334 1842 2728 1907 famulentur
2804 1847 2871 1907 et

519 1948 987 2025 ancillenturl).
1067 1934 1315 2030 Quibus
1361 1950 1674 2030 expositis
1734 1948 1813 2013 ad
1864 1950 2157 2031 singulas
2204 1950 2438 2029 capitis
2484 1952 2705 2030 partes
2764 1950 2870 2015 de·

519 2056 895 2122 scribendas
953 2065 1317 2138 aggressus
1364 2056 1597 2137 incipit
1663 2076 1702 2121 a
1762 2056 1981 2122 fronte
2025 2056 2179 2139 (58),
2244 2057 2425 2121 cuius
2488 2056 2708 2138 specie
2775 2056 2888 2121 in·-

412 2172 414 2175 ’
517 2163 776 2229 terioris
841 2163 1077 2228 mentis
1151 2163 1413 2229 habitus
1487 2164 1906 2244 exprimatur.
2014 2164 2170 2229 Cum
2241 2162 2454 2229 fronte
2524 2164 2872 2244 supercilia

519 2271 870 2351 coniungit,
958 2288 1225 2350 quorum
1319 2288 1588 2335 munera
1682 2272 1751 2335 iu
1848 2269 2095 2336 duobus
2188 2278 2487 2337 constare
2563 2271 2886 2354 ostendit,.

518 2380 795 2459 primum
844 2384 916 2443 ut
962 2378 1178 2444 oculos
1226 2397 1274 2441 a*
1311 2378 1608 2443 sordibus
1657 2378 2093 2443 incidentibus
2140 2384 2465 2455 tueantur,
2530 2383 2871 2459 praeterea

517 2493 592 2549 ut
637 2486 838 2551 oculis
887 2486 1083 2551 decus
1132 2492 1199 2549 et
1246 2491 1658 2550 venustatem
1705 2484 2099 2565 praeferant.
2150 2521 2235 2531 ——
2282 2487 2539 2552 Deinde
2581 2487 2663 2551 ad
2693 2488 2869 2567 ipsos

518 2594 734 2659 oculos
781 2593 1158 2658 tractandos
1207 2593 1459 2658 accedit
1506 2601 1574 2659 et
1620 2594 1952 2673 ampliore,
2002 2612 2143 2657 cum
2202 2595 2403 2659 totius
2450 2594 2888 2674 expositionis-

515 2700 680 2767 fines
728 2701 1138 2766 circumcisos
1201 2700 1494 2782 respicis,
1560 2701 2019 2781 explanatione
2081 2702 2148 2766 in
2215 2720 2434 2767 eorum
2497 2703 2871 2768 muneribus

435 2860 439 2865 .
517 2808 966 2873 describendis
1014 2816 1317 2874 versatur
1363 2806 1629 2890 (59‚60).
1668 2882 1674 2887 ⁶
1707 2808 1840 2873 Eos
1889 2809 2191 2887 speculae
2240 2809 2485 2875 similes
2533 2826 2681 2874 esse
2712 2808 2871 2873 dicit

517 2916 620 2982 vel
671 2915 1210 2994 exploratoribuS,
1263 2916 1368 2992 qui
1413 2916 1483 2977 ⁴in
1531 2923 1710 2979 terra
1758 2934 2039 2979 summos
2088 2899 2304 2980 muros
2352 2921 2465 2979 aut
2508 2922 2725 2981 turres
2758 2922 2870 2981 aut

517 3028 788 3101 monteS‚
839 3022 902 3084 in
953 3022 1114 3085 mari
1166 3028 1612 3085 antemnarum
1676 3039 1917 3085 cornua
1982 3021 2360 3101 explorandi
2408 3040 2605 3086 causa
2650 3040 2871 3087 ascen-

519 3128 694 3194 dant.
765 3127 867 3191 Ex
919 3146 1013 3206 ea,
1066 3145 1230 3205 quae
1279 3126 1589 3209 sequitur,
1638 3133 1828 3208 parte
1860 3124 1997 3210 (60)
2032 3128 2240 3193 denuo
2274 3128 2448 3193 clare
2480 3129 2871 3209 perspicitur

520 3254 643 3315 quo
718 3235 1102 3299 Ambrosius
1173 3234 1240 3297 in
1322 3234 1662 3299 scribendo
1740 3235 2055 3301 intendat.
2167 3234 2328 3299 Nam
2410 3237 2645 3317 ocuIOS,
2726 3254 2869 3300 cum

517 3348 785 3424 propter
814 3341 1081 3406 videndi
1116 3358 1345 3406 munus
1377 3342 1587 3406 locum
1620 3358 1808 3421 quam
1844 3343 2247 3425 altissimum,
2283 3350 2547 3423 propter
2579 3347 2881 3408 tutamen¹

520 3468 710 3530 quam
755 3448 1258 3514 munitissimum
1325 3449 1452 3513 sibi
1498 3458 1794 3531 poscant,
1854 3450 1921 3513 in
1987 3450 2201 3530 capite
2247 3451 2489 3514 locatos
2537 3454 2606 3515 et
2650 3468 2871 3531 super-

519 3558 706 3639 ciliis,
754 3558 964 3639 geniS,
1014 3557 1268 3621 narium
1316 3563 1383 3621 et
1412 3556 1646 3621 frontis
1681 3557 1935 3621 ossibus
1968 3557 2048 3621 ab
2081 3558 2375 3622 omnibus
2407 3556 2889 3623 offensionibus

517 3671 694 3730 tutos
757 3674 910 3730 esse
967 3663 1386 3729 demonstrat.
1482 3663 1705 3743 Neque
1768 3664 1979 3727 minus
2041 3663 2319 3744 pupillas
2380 3664 2654 3745 pilorum
2700 3665 2886 3730 vallo·

516 3777 652 3837 tam
715 3777 874 3852 apte
923 3770 1284 3836 custoditas
1333 3788 1497 3852 esse,
1563 3775 1634 3835 ut
1679 3769 1996 3836 incidenti
2045 3770 2233 3835 sorde
2280 3788 2403 3835 non
2453 3770 2869 3836 violarentur.

519 3878 595 3943 In
621 3878 919 3959 sequenti
947 3878 1359 3959 paragrapho
1411 3875 1550 3962 (61)
1599 3877 1981 3943 Ambrosius
2028 3878 2283 3943 omnino
2316 3877 2506 3943 aliam
2544 3878 2873 3943 scribendi

517 3984 834 4051 rationem
881 3984 1314 4065 persequitur.
1383 3985 1566 4051 Haec
1613 3985 1784 4051 enim
1831 4004 1986 4065 pars
2024 3985 2309 4066 optimae
2342 3985 2675 4051 doctrinae
2711 4003 2887 4066 prae

519 4109 591 4158 se
637 4091 768 4157 fert
815 4092 1117 4175 speciem,
1167 4092 1369 4157 veluti
1418 4100 1642 4157 contra
1690 4092 1961 4173 StoicOS,
2028 4093 2136 4172 qui
2184 4111 2294 4157 cor
2353 4091 2631 4156 omnium
2676 4092 2885 4158 facul--

697 4394 740 4460 1)
779 4390 936 4445 Plato
973 4391 1108 4444 rim.
1158 4394 1227 4443 44
1243 4390 1428 4443 n..45
1445 4393 1500 4434 A.
