3425 5167
1559 430 2001 495 *50-

605 628 822 676 aerem
880 609 1245 676 verberat“.
1339 608 1459 691 Qui
1522 610 1701 675 locus
1765 609 2181 691 apertissime
2239 628 2391 684 cum,
2431 608 2791 675 Stoicorum
2847 630 2960 675 na·

604 716 802 782 turali
862 718 1180 797 opinione,
1243 735 1370 797 qua
1415 716 1814 782 'credebatur
1857 735 2083 783 vocem
2130 736 2277 783 esse
2334 735 2567 797 corpus
2622 723 2691 781 et
2737 735 2956 783 aerem

605 825 975 901 verberare²
1029 824 1376 904 conspirat,
1424 822 1504 888 cf.
1551 822 1742 905 Diog.
1792 824 1862 888 L.
1911 823 2039 887 VII
2086 823 2207 888 55:
2262 818 2447 885 Ἔστι
2490 820 2561 885 δὲ
2604 820 2787 909 φωνὴ
2834 818 2957 909 α’ὴρ

608 927 1068 1014 πεπληγμένος
1113 926 1153 1014 ἢ
1199 923 1270 991 τό
1320 926 1484 991 ἴδιον
1545 924 1862 1014 αἰσθητὸν
1931 925 2147 1015 α’κοῆς,
2202 924 2285 1000 ὥς
2336 949 2493 1015 φησι
2552 933 2862 1015 Διογένης
2922 924 2957 990 ὁ

607 1034 1022 1116 Βαβυλώνιος
1059 1088 1072 1101 .
1113 1084 1125 1097 .
1161 1087 1174 1100 .
1221 1037 1330 1098 καὶ
1377 1039 1560 1116 σῶμα
1599 1032 1668 1098 δ’
1699 1031 1875 1098 ἐστὶν
1920 1034 1960 1123 ἡ
2006 1035 2188 1124 φωνὴ
2236 1030 2400 1099 κατὰ
2448 1038 2596 1107 τοὺς
2635 1040 2954 1107 στωικούς.

605 1143 959 1209 Praeterea
1002 1144 1403 1225 AmbrosiuS,
1452 1163 1597 1211 cum
1645 1144 1820 1209 dicat
1864 1162 2087 1210 vocem
2145 1145 2315 1210 aeris
2363 1143 2637 1223 quodam
2683 1144 2954 1225 remigio

603 1250 776 1325 vehi,
855 1251 1069 1315 animo
1137 1252 1410 1317 eandem
1477 1251 1786 1316 informat
1854 1236 2203 1332 imaginem
2274 1257 2467 1330 atque
2546 1250 2766 1332 Stoici,
2846 1252 2952 1331 qui

603 1374 824 1422 aerem
883 1375 1044 1423 voce
1107 1359 1520 1423 verberatum
1579 1364 1909 1438 tamquam
1968 1356 2283 1423 fluctuare
2351 1354 2801 1440 opinabantur,
2872 1358 2953 1423 cf.

603 1464 796 1545 Diog.
848 1464 920 1527 L.
953 1463 1081 1529 VII
1133 1463 1260 1529 158
1307 1461 1570 1527 ἀκούειν
1615 1462 1686 1527 δὲ
1734 1476 1849 1528 τοῦ
1896 1466 2135 1544 μεταξὺ
2184 1467 2299 1525 τοῦ
2346 1485 2417 1527 τε
2444 1466 2815 1547 φωνοῦντος
2845 1465 2955 1526 καὶ

602 1571 723 1630 τοῦ
754 1565 1103 1641 ἀκούοντος
1127 1567 1313 1652 οἶέρος
1338 1570 1791 1656 πληττομένου
1818 1570 2254 1653 σφαιροειδῶς,
2290 1562 2431 1634 εἶτα
2456 1570 2951 1651 κυματουμένου

605 1676 715 1738 καὶ
792 1683 934 1747 ταῖς
1009 1671 1234 1748 α’κοαῐς
1312 1681 1864 1761 προσπίπτοντος,
1948 1671 2031 1749 ὥς
2106 1688 2508 1756 κυματοῦται
2583 1672 2655 1740 τὸ
2729 1674 2799 1741 έν
2875 1682 2957 1763 τῇ

601 1783 922 1867 δεξαμενῇ
994 1774 1162 1864 ὕδωρ
1237 1778 1402 1847 κατα
1481 1779 1751 1856 κύκλους
1829 1778 1959 1846 ὑπὸ
2035 1787 2153 1847 τοῖ
2230 1779 2667 1869 ἐμβληθέντος
2740 1784 2952 1849 λίθου.

605 1890 912 1957 Videmus
961 1892 1371 1957 Ambrosium
1420 1911 1563 1956 cum
1613 1892 1849 1957 Stoicis
1898 1892 1977 1957 de
2024 1910 2186 1957 voce
2232 1892 2471 1957 emissa
2516 1892 2773 1957 omnino
2806 1910 2952 1958 con-

601 1997 865 2063 sentire.
958 1997 1087 2064 Sed
1152 2000 1233 2063 ab
1297 2017 1517 2064 eorum
1583 2000 1930 2081 disciplina
1976 1999 2311 2081 digressus
2358 1998 2517 2065 dicit
2561 2017 2787 2066 vocem
2835 2018 2953 2079 per

603 2105 797 2169 inane
865 2106 1131 2185 portari,
1204 2124 1350 2170 cum
1415 2106 1614 2171 Stoici
1683 2108 1753 2170 in
1823 2107 2058 2172 mundo
2132 2106 2473 2186 quicquam
2540 2107 2736 2171 inane
2805 2124 2953 2173 esse

601 2216 936 2293 negarent.
1027 2211 1218 2278 Unde
1279 2213 1609 2289 colligitur
1672 2218 1785 2278 aut
1830 2212 2156 2278 Ambrosii
2218 2218 2542 2280 auctorem
2590 2212 2951 2279 Stoicorum

602 2318 844 2399 placita
910 2319 1122 2385 minus
1186 2327 1487 2386 accurate
1558 2320 1983 2402 expressisse,
2064 2326 2177 2385 aut
2254 2320 2665 2385 Ambrosium
2741 2320 2953 2401 ipsum

603 2444 828 2505 parum
893 2425 1245 2507 diligenter
1303 2426 1461 2491 illud
1531 2424 1889 2504 Stoicorum
1952 2421 2250 2510 ἄπειρον,
2313 2426 2352 2491 i.
2418 2444 2472 2491 e.
2534 2426 2856 2492 infinitum
2876 2426 2948 2510 ¹),

598 2532 697 2595 ita
742 2530 1034 2597 reddere.

779 2628 1132 2704 Praeterea
1177 2639 1323 2704 aliis
1371 2640 1775 2721 argumentis
1823 2639 2238 2705 confirmatur
2271 2639 2683 2705 Ambrosium
2727 2640 2795 2706 in
2825 2641 2952 2707 hac

597 2744 1005 2827 expositione
1068 2744 1353 2812 Stoicum
1419 2752 1747 2811 auctorem
1812 2746 2012 2826 sequi.
2104 2746 2267 2812 Nam
2334 2745 2550 2828 pergit
2610 2747 2947 2830 rationem,

597 2870 768 2931 quae
829 2869 1145 2917 summum
1200 2858 1395 2932 atque
1460 2854 2091 2933 praestantissimum
2153 2851 2483 2918 hominum
2541 2854 2779 2919 bonum
2840 2856 2947 2938 sit,

599 2958 846 3023 diserte
912 2958 1293 3039 praedicare
1361 2967 1430 3025 et
1518 2960 1803 3025 laudare.
1924 2960 2322 3042 Quamquam
2400 2978 2648 3044 negare
2724 2961 2951 3043 nequit

597 3082 821 3131 vocem
880 3064 1207 3130 hominum
1273 3084 1417 3131 cum
1478 3068 1706 3132 avibus
1768 3084 2169 3132 communem
2216 3080 2405 3149 esse,
2431 3073 2651 3135 tamen
2696 3070 2949 3135 ratione

597 3171 760 3236 dicit
818 3172 1110 3237 homines
1176 3191 1396 3238 omnes
1460 3174 1825 3239 animantes
1895 3175 2095 3239 multo
2159 3175 2426 3241 anteire.
2541 3176 2693 3241 Pari
2762 3176 2948 3242 modo

596 3279 797 3343 etiam
838 3276 1036 3344 Stoici
1080 3279 1373 3345 homines
1419 3281 1671 3345 ratione
1704 3281 2034 3360 praeditos
2068 3283 2303 3348 ceteris
2336 3283 2722 3348 animalibus
2754 3284 2948 3365 longe

592 3384 990 3451 antecellere
1036 3390 1231 3465 atque
1279 3386 1543 3451 deorum
1590 3387 1837 3453 similes
1885 3406 2032 3453 esse
2080 3388 2501 3469 voluerunt2).
2544 3422 2621 3431 ---

776 3490 1089 3557 Similiter
1156 3494 1538 3559 Ambrosius
1624 3495 1979 3561 concedere
2064 3494 2262 3560 debet
2339 3494 2533 3559 etiam
2612 3501 2946 3574 aspectum

594 3616 763 3626 ————

777 3666 821 3737 1)
858 3666 925 3720 cf.
966 3667 1112 3722 Plut.
1161 3668 1310 3721 Plac.
1349 3669 1546 3736 philon.
1588 3670 1667 3723 IV
1709 3672 1792 3735 19,
1840 3673 1889 3723 5.
1981 3672 2043 3722 Οἱ
2091 3666 2144 3721 δὲ
2198 3668 2433 3720 Στωικοί
2478 3686 2610 3736 φασι
2658 3664 2753 3720 τὸν
2805 3666 2942 3739 ἀέρα

592 3754 677 3831 μῖῆ
727 3764 1064 3827 συγκεῖσθαι
1123 3757 1183 3811 ἐκ
1233 3756 1588 3833 θραυμάτων,
1638 3756 1772 3811 ἀλλὰ
1821 3766 2022 3830 συνεχῆ
2072 3755 2229 3822 εἶναι,
2282 3756 2351 3810 δι’
2390 3752 2516 3809 ὅλου
2562 3753 2740 3829 μηδὲν
2778 3754 2945 3811 κενὸν

599 3846 822 3917 ἔχοντα·
866 3843 1092 3899 ἐπειδὰν
1129 3844 1184 3899 δὲ
1217 3850 1401 3922 πληγῇ
1436 3845 1731 3920 πνεύματι,
1772 3853 2160 3920 κυματοΰσθαι
2198 3844 2337 3900 κατὰ
2364 3842 2595 3905 κύκλους
2622 3844 2829 3919 ὀρθοὺς
2866 3847 2946 3907 εἷς

595 3934 848 4007 ἄπειρον,
891 3934 988 3994 ἕως
1024 3933 1278 4011 πληρα’σῃ
1319 3934 1415 3990 τὸν
1442 3942 1835 4009 περικείμενον
1873 3936 2027 4007 α’έρα,
2068 3935 2141 3996 ὥς
2181 3936 2268 3990 ἐπὶ
2306 3943 2400 4005 τῆς
2438 3932 2825 4008 κολυμβνῗθρας
2855 3943 2945 4006 τῆς

599 4026 901 4094 πληγείσης
938 4026 1090 4097 λίθῳ.

776 4113 821 4179 ⁸)
859 4112 926 4164 cf.
969 4112 1079 4179 Cic,
1117 4112 1200 4166 De
1238 4121 1352 4167 nat.
1395 4114 1538 4168 deor.
1579 4114 1636 4167 ΙΙ
1677 4116 1799 4166 134.
1876 4114 2110 4179 Quorum
2166 4113 2346 4183 igitur
2383 4129 2547 4168 causa
2585 4114 2707 4181 quis
2744 4114 2948 4168 dixerit

595 4200 853 4254 effectum
892 4214 1012 4254 esse
1049 4202 1348 4255 mundum?
1384 4202 1583 4255 Eorum
1611 4203 1828 4256 scilicet
1858 4202 2240 4266 animantium,
2281 4219 2419 4270 quae
2454 4202 2672 4257 ratione
2700 4211 2946 4258 utuntur.

594 4288 667 4343 Hi
706 4295 834 4343 sunt
875 4289 930 4341 di
969 4295 1027 4343 et
1063 4290 1327 4355 homines,
1376 4291 1570 4357 quibus
1608 4290 1854 4357 proiecto
1904 4292 2041 4345 nihil
2092 4301 2179 4346 est
2220 4293 2430 4357 melius,
2472 4295 2610 4346 ratio
2650 4299 2737 4346 est
2781 4293 2949 4355 enim,

589 4392 736 4445 quae
771 4382 1019 4443 praestat
1056 4378 1323 4433 omnibns,
