3425 5167
1559 441 2000 505 ...12-

601 643 744 691 cum
789 622 1084 689 Platonis
1141 623 1488 689 sententiis
1543 622 1708 688 mire
1766 620 2111 699 consentit,
2171 620 2298 686 alio
2354 622 2495 687 loco
2552 618 2789 685 Stoicis
2844 618 2955 683 ad-

600 748 794 798 versa
838 730 1054 797 fronte
1099 736 1441 812 repugnat.
1523 729 1683 795 Cum
1732 728 2002 795 accedat
2047 728 2218 811 quod
2264 747 2346 795 ex
2375 726 2708 795 Ambrosii
2736 726 2957 794 verbis

600 838 786 903 modo
849 837 1086 904 eximia
1164 837 1442 903 eruditio
1507 842 1576 902 et
1656 836 1973 915 doctrina,
2052 836 2237 903 modo
2314 835 2621 903 notabilis
2696 833 2961 899 inscitia

601 946 834 1027 elucet,
900 945 1182 1025 denique
1243 944 1406 1025 quod
1475 963 1560 1011 ne
1629 944 1787 1009 ordo
1850 943 2111 1024 quidem
2158 961 2416 1025 semper
2462 946 2763 1009 servatus
2808 958 2958 1007 esse

600 1052 888 1134 videtur,
946 1052 1054 1118 vel
1110 1051 1264 1117 hinc
1319 1051 1673 1132 suspiceris
1736 1054 1947 1117 totum
1992 1055 2344 1116 tractatum
2392 1068 2473 1115 ex
2520 1048 2958 1130 compluribus

598 1160 890 1225 fontibus
939 1156 1287 1225 conflatum
1335 1177 1501 1225 esse.

1710 1673 1854 1760 §2-

1175 1853 1277 1918 De
1331 1852 1594 1920 Basilio
1645 1852 2011 1920 Ambrosii
2059 1856 2376 1919 auctore.

778 1978 854 2042 In
882 1978 1227 2045 Exaemeri
1254 1979 1541 2044 fontibus
1561 1980 2040 2062 investigandis
2058 1980 2331 2060 primum
2357 1978 2809 2057 inquirendum
2833 1981 2955 2059 est,

598 2106 752 2151 num
783 2086 1165 2152 Ambrosius
1198 2105 1278 2152 ex
1310 2086 1541 2153 Basilii
1574 2088 1981 2153 sermonibus
2018 2087 2148 2152 ullo
2187 2086 2373 2151 modo
2403 2084 2705 2168 pendeat.
2774 2084 2957 2150 Haec

600 2193 893 2273 quaestio
931 2194 998 2258 in
1035 2194 1447 2261 enarratione
1479 2194 1666 2259 nobis
1708 2195 2039 2275 proposita
2085 2194 2342 2258 facilius
2384 2191 2679 2272 expediri
2718 2194 2955 2273 potest,

601 2300 767 2380 quod
819 2300 1200 2366 Ambrosius
1257 2302 1649 2380 paucissima
1694 2308 1947 2368 tantum
1996 2320 2075 2366 ex
2122 2301 2389 2382 Basilio,
2441 2300 2549 2379 qui
2594 2299 2765 2364 idem
2813 2318 2955 2380 pro-

597 2408 876 2489 positum
920 2426 1230 2489 perquam
1264 2408 1557 2475 breviter
1589 2408 2051 2490 perstringit¹),
2081 2409 2147 2472 in
2180 2426 2365 2473 suum
2400 2426 2586 2473 usum
2616 2406 2954 2472 convertit.

595 2506 864 2597 Tamen,
930 2534 1013 2579 ne
1062 2516 1404 2596 quicquam
1447 2517 1891 2597 neglegamuS‚
1944 2534 2022 2581 ea
2064 2515 2345 2581 frustula
2385 2515 2738 2595 Basiliana,
2789 2532 2959 2594 quae

599 2622 982 2687 Ambrosius
1028 2622 1093 2686 in
1144 2623 1498 2688 orationem
1545 2624 1841 2705 inseruit,
1891 2624 2161 2688 astricte
2206 2639 2725 2704 percenseamus.

780 2729 1066 2794 Primum
1098 2730 1487 2811 exemplum,
1538 2729 1703 2810 quod
1753 2730 2165 2795 Ambrosium
2213 2729 2596 2793 imitandum
2644 2728 2771 2795 sibi
2810 2746 2955 2810 pro-

599 2836 893 2918 posuisse
941 2835 1333 2903 Schenkelio
1379 2838 1721 2913 assentior,
1770 2837 1838 2901 in
1881 2836 2111 2902 Basilii
2159 2838 2485 2902 oculorum
2518 2834 2959 2919 descriptione

603 2943 954 3026 invenitur,
1005 2944 1113 3008 ubi
1162 2950 1381 3010 exstat
1425 2943 1580 3029 (216
1601 2942 1689 3025 ι));
1740 2940 2121 3027 Ὀφθαλμοὶ
2165 2948 2290 3023 μέν
2337 2964 2406 3023 γε
2463 2940 2581 3030 τὴν
2627 2938 2960 3029 ὓψηλοτοῖ-

598 3070 719 3134 την
766 3044 1048 3114 σκοπιάν
1094 3050 1578 3139 κατειλήφασιν,
1628 3044 1790 3115 ὥστε
1837 3051 2037 3137 μηδὲν
2084 3052 2304 3122 αὐτοῖς
2349 3059 2477 3112 τῶν
2518 3058 2631 3111 τοῦ
2665 3045 2955 3130 σώματος

601 3161 849 3243 μορίων
900 3154 1343 3242 ἕπιπροσθεῖν
1391 3214 1404 3227 ,
1455 3208 1466 3221 .
1519 3212 1531 3224 .
1581 3154 1652 3221 ἐκ
1700 3163 1812 3243 τῆς
1858 3156 2120 3221 ἄνωθεν
2168 3154 2383 3244 ἐξοχῆς
2430 3151 2595 3241 πρὸς
2640 3151 2711 3218 τὸ
2761 3155 2959 3227 εὗθὲς

601 3262 1084 3329 ἅποτείνονται.
1209 3266 1364 3329 Pari
1441 3266 1626 3331 modo
1703 3267 2089 3331 Ambrosius
2176 3266 2393 3331 oculos
2472 3284 2614 3331 cum
2692 3264 2955 3346 specula

602 3372 876 3463 quadam
924 3372 991 3434 in
1042 3390 1287 3437 summo
1334 3372 1549 3437 locata
1595 3378 1927 3453 comparat
1974 3372 2031 3453 (ξ
2064 3371 2201 3456 59):
2258 3372 2463 3452 „oculi
2496 3422 2557 3437 ..
2606 3372 2674 3435 in
2707 3388 2958 3436 summo

598 3478 794 3541 locati
851 3478 931 3541 de
991 3478 1268 3557 quadam
1325 3498 1564 3545 scaena
1610 3482 1943 3560 superiore
1999 3481 2303 3544 universa
2350 3486 2769 3561 prospectent
2815 3531 2828 3543 .
2877 3530 2889 3544 .
2940 3529 2952 3541 .

601 3585 864 3665 specula
921 3586 1093 3651 enim
1152 3604 1410 3667 semper
1467 3607 1548 3653 ex
1604 3588 1736 3652 alto
1793 3594 1986 3653 est..
2023 3586 2077 3655 .“
2178 3585 2382 3669 Quam
2440 3593 2619 3652 recte
2666 3586 2954 3651 Schenkl

599 3694 869 3759 adnotet
931 3694 1343 3759 Ambrosium
1404 3696 1525 3761 hoc
1584 3697 1726 3761 loco
1788 3696 2103 3760 Basilium
2178 3694 2422 3759 imitari
2483 3694 2654 3758 infra
2716 3693 2958 3759 clarius

600 3804 1005 3880 agnoscetur.
1067 3836 1158 3844 -
1223 3801 1576 3867 Praeterea
1636 3802 1763 3866 alio
1833 3802 1972 3867 loco
2038 3820 2394 3867 consensus
2459 3800 2717 3881 quidam
2782 3801 2955 3867 inter

605 3913 950 3986 utrumque
998 3910 1378 3989 scriptorem
1427 3910 1653 3989 negari
1701 3910 1945 3987 nequit.
2036 3909 2321 3973 Basilius
2370 3909 2541 3974 enim
2589 3926 2731 3973 cum
2781 3908 2961 3973 dicat

608 4160 672 4207 ut
727 4168 939 4219 manuS,
998 4169 1172 4221 crura,
1229 4156 1411 4222 pedeS,
1467 4162 1530 4210 ut
1585 4172 1665 4223 ea,
1724 4172 1862 4223 quae
1919 4162 2051 4209 sunt
2106 4155 2259 4209 intus
2317 4155 2374 4208 in
2432 4170 2670 4223 corpore,
2727 4171 2954 4223 quorum

603 4242 822 4296 utilitas
875 4248 1078 4308 quanta
1126 4244 1217 4311 sit,
1271 4260 1303 4297 a
1349 4245 1574 4299 modicis
1623 4244 1792 4299 etiam
1841 4245 2174 4312 disputatur,
2232 4244 2345 4299 alia
2393 4250 2578 4299 autem
2628 4244 2837 4298 nullam
2886 4244 2960 4298 ob

602 4330 906 4385 utilitatem
946 4331 1103 4397 quasi
1140 4333 1209 4386 ad
1247 4335 1515 4400 quendam
1553 4340 1809 4388 ornatum
1848 4340 1913 4388 ut
1951 4372 1963 4386 .
1992 4371 2005 4385 .
2034 4376 2047 4389 .
2083 4334 2222 4389 viris
2260 4350 2526 4389 mammae
2562 4338 2731 4402 atque
2767 4334 2955 4388 barba.

783 4421 827 4486 ¹)
866 4420 1019 4473 Patr.
1060 4419 1152 4474 Gr.
1191 4421 1299 4476 vol.
1339 4422 1523 4476 XXXI
1563 4440 1610 4490 p.
1651 4422 2078 4475 2160—218A.
