3425 5167
1435 475 1881 539 —51—

466 654 800 719 omnibus
829 645 1266 720 animantibus
1313 674 1711 719 communem
1762 673 1929 720 esse:
2000 652 2126 721 Sed
2159 656 2389 720 eodem
2419 654 2604 720 modo
2637 660 2833 735 atque

465 765 680 826 :antea
736 760 1158 827 ratiocinatus
1224 761 1381 826 dicit
1443 762 1565 826 soli
1625 761 1871 827 homini
1932 762 2150 827 inesse
2211 762 2634 842 intellectum,
2705 780 2841 842 quo*

471 886 582 949 ea,
661 886 824 948 quae
863 925 866 928 .
900 869 966 933 in
1053 869 1231 934 caelo
1309 869 1602 951 aspiciat,
1701 869 1899 933 etiam
1958 867 2525 949 ‚comprehendere
2610 868 2829 948 possit.

476 974 774 1055 Scriptor
834 974 899 1038 in
967 975 1136 1040 hanc
1197 976 1584 1053 sententiam
1649 976 1909 1041 locutus
1966 976 2198 1040 iterum
2261 977 2429 1041 bene
2476 994 2620 1041 cum
2668 974 2835 1040 Stoi-

463 1100 702 1147 ‹corum
749 1080 1078 1163 cogitandi
1124 1089 1192 1147 et
1234 1081 1736 1163 philosophandi
1782 1082 2034 1147 ratione
2091 1080 2499 1163 eonsentit1).
2547 1118 2636 1125 —
2745 1127 2749 1130 .

661 1188 974 1254 Videmus
1034 1192 1244 1253 totum
1310 1189 1482 1253 hunc
1549 1193 1899 1254 tractatum
1963 1186 2044 1251 ad
2108 1186 2463 1253 Stoicorum
2528 1188 2830 1270 physicas

466 1295 816 1377 opiniones
863 1296 1153 1361 revocari
1201 1313 1407 1374 posse.
1486 1295 1711 1375 Neque
1742 1295 1935 1359 aliam
1965 1297 2329 1361 naturalem
2360 1295 2832 1375 philosophiam

407 1482 426 1501 ο
477 1402 892 1485 agnoscimus
939 1420 1022 1467 ex
1065 1402 1333 1482 reliquis
1381 1402 1695 1483 partibus,
1746 1419 1912 1481 quae
1956 1401 2023 1466 in
2072 1420 2335 1467 censum
2391 1403 2678 1467 veniunt.
2754 1401 2831 1465 Id

469 1508 655 1589 quod
719 1515 1029 1590 protenus
1108 1508 1298 1573 docet
1377 1508 1668 1588 proxima
1741 1510 2191 1589 paragraphus
2270 1508 2384 1584 68,
2470 1527 2633 1587 quae
2693 1508 2834 1575 fere

469 1622 620 1681 tota
697 1634 780 1679 ex
855 1615 1088 1694 Apulei
1174 1623 1241 1680 et
1302 1615 1612 1688 librorum
1681 1632 2011 1681 sacrorum
2079 1615 2239 1681 locis
2302 1614 2578 1680 conflata
2638 1634 2833 1680 unam

472 1723 873 1788 sentent-iam
963 1722 1242 1787 alienam
1342 1723 1646 1787 continet.
1770 1722 2069 1789 Exeunte
2174 1723 2347 1787 enim
2447 1722 2571 1789 hac
2646 1728 2835 1803 parte

481 1830 866 1895 Ambrosius
935 1847 1078 1893 cum
1151 1829 1326 1893 dicat
1398 1828 1837 1911 „absolvimus
1914 1830 2097 1895 velut
2174 1830 2495 1909 quandam
2569 1830 2833 1895 humani

471 1936 772 2015 -corporis
819 1936 1087 2018 regiam,
1136 1937 1199 2000 in
1251 1954 1376 2016 qua
1423 1937 1510 2001 sit
1554 1936 1711 2003 licet
1757 1936 2074 2016 quaedam
2122 1937 2451 2015 quantitas
2496 1936 2832 2018 portioniS‚

471 2042 692 2108 rforma
736 2049 950 2107 tamen
1001 2043 1447 2109 universitatis
1495 2043 1638 2109 est“
1687 2048 1913 2123 aperte
1944 2050 2140 2123 caput
2169 2041 2513 2108 rotundum
2546 2050 2614 2107 et
2644 2043 2836 2122 globo

469 2150 701 2215 :simile
746 2167 893 2216 esse
940 2150 1305 2231 exprimere
1356 2151 1514 2231 vult,
1559 2167 1757 2229 quam
1806 2149 2078 2215 formam
2110 2148 2655 2230 perfectissimam
2670 2150 2722 2227 ²)
2768 2156 2839 2215 et

481 2256 707 2321 mundi
739 2258 846 2322 vel
893 2257 1343 2323 universitatis⁴
1389 2258 1707 2335 sphaerae
1754 2256 1963 2321 instar
1994 2274 2143 2321 esse
2176 2255 2415 2322 Stoicis
2463 2257 2720 2336 placuit.
2767 2240 2869 2301 —'

474 2366 781 2443 Apparet
828 2362 1240 2428 Ambrosium
1301 2364 1422 2428 hoc
1485 2364 1625 2429 loco
1691 2364 1988 2445 eundem,
2057 2382 2181 2443 quo
2242 2364 2437 2446 paulo
2485 2371 2639 2430 ante
2684 2383 2840 2429 usus

470 2476 649 2550 erat,
699 2470 983 2535 Stoicum
1030 2476 1357 2535 auctorem
1404 2470 1748 2551 respicere.
1798 2506 1885 2515 —

673 2577 962 2657 Denique
1003 2578 1284 2657 reliquas
1319 2578 1785 2643 Ambrosianae
1827 2577 2259 2643 enarrationis
2300 2582 2521 2659 partes
2562 2577 2839 2643 similem

480 2702 646 2765 iprae
679 2701 751 2748 se
775 2683 951 2749 ferre
981 2685 1344 2749 naturalem
1374 2684 1741 2765 opinionem
1776 2684 1968 2749 facile
2001 2684 2426 2767 cognoscitur.
2472 2684 2550 2749 In
2582 2704 2839 2767 paragr.

472 2788 577 2853 ..54
595 2791 875 2870 scriptor
891 2792 1156 2871 exponit
1175 2792 1460 2871 corporis
1476 2791 1743 2855 humani
1762 2792 2033 2857 formam
2050 2798 2392 2857 venustam
2412 2794 2482 2857 et
2502 2790 2842 2873 erectam³)

479 2897 775 2961 omnium
800 2968 802 2970 ‚
823 2898 1194 2960 animalium
1241 2896 1468 2977 figuris
1517 2897 2059 2976 praestantiorem
2092 2914 2256 2977 esse,
2304 2898 2372 2961 in
2404 2916 2657 2980 paragr.
2691 2897 2777 2961 56
2794 2897 2839 2977 ⁴)

482 3002 760 3067 -verticis
808 3002 1352 3082 pulchritudinem
1401 3010 1469 3067 et
1515 3002 1895 3082 capillorum
1942 3002 2293 3066 utilitatem
2327 3003 2508 3067 miris
2538 3004 2838 3069 laudibus

480 3107 842 3188 praedicat.
911 3106 991 3172 In
1035 3126 1291 3189 paragr.
1341 3106 1427 3171 69.
1472 3108 1763 3174 ostendit
1793 3127 2020 3175 manus
2054 3113 2123 3173 et
2152 3108 2233 3172 ad
2266 3123 2497 3189 corpus
2527 3108 2839 3174 tuendum

483 3224 560 3281 et
605 3214 687 3279 ad
735 3214 966 3294 capitis
1010 3215 1321 3280 verticem
1370 3214 1810 3280 exornandum
1857 3216 2128 3281 multum
2174 3215 2486 3282 conferre.
2562 3216 2840 3281 Ineunte

479 3340 746 3403 paragr.
813 3320 901 3385 70
969 3321 1268 3403 explicat,
1341 3329 1578 3402 quanto
1649 3324 1793 3388 usui
1866 3323 2146 3403 pectoris
2216 3323 2415 3388 cratis
2475 3324 2837 3390 visceribus

494 3428 894 3499 mollioribus
941 3428 1049 3510 sit,
1100 3427 1376 3508 denique
1422 3428 1486 3493 in
1523 3448 1780 3511 paragr.
1832 3429 1915 3490 74
1928 3427 1998 3514 ⁵),
2048 3431 2118 3493 in
2164 3448 2291 3509 qua
2336 3448 2540 3509 pauca
2584 3435 2839 3495 tantum

673 3606 712 3671 ¹)
760 3602 934 3657 Simili
988 3603 1148 3657 modo
1196 3604 1263 3659 de
1312 3604 1630 3658 caelestium
1670 3610 1892 3671 aspectu
1934 3609 1991 3658 et
2027 3603 2314 3659 intellectu
2366 3604 2612 3671 loquitur
2649 3604 2837 3659 Cicero

477 3692 526 3766 3„
568 3710 613 3748 c.
653 3694 683 3761 ξ
730 3694 842 3747 155³.
2458 3688 2462 3693 ’

669 3783 714 3849 ¹)
774 3782 838 3835 cf.
898 3783 1007 3835 Cic.
1064 3782 1100 3834 1.
1157 3800 1202 3835 c.
1255 3783 1286 3851 ξ
1335 3786 1418 3833 47.
1504 3783 1643 3849 Quid
1691 3784 1835 3837 enim
1882 3782 2160 3849 pulchrius
2209 3798 2273 3836 ea
2310 3782 2498 3851 figura,
2547 3798 2683 3850 quae
2720 3782 2840 3837 sola

484 3870 668 3923 omnis
725 3869 865 3924 alias
919 3870 1126 3939 figuras
1189 3872 1470 3939 continet,
1537 3888 1783 3940 quaeque
1838 3872 1976 3926 nihil
2031 3872 2352 3939 asperitatis
2414 3871 2630 3941 habere,
2697 3872 2839 3925 nihil

485 3957 810 4022 offensionis
849 3965 1049 4027 potest,
1087 3961 1229 4014 nihil
1267 3963 1500 4017 incisum
1538 3963 1779 4032 angulis,
1819 3962 1961 4017 nihil
1997 3963 2353 4029 anfractibus,
2392 3962 2531 4018 nihil
2576 3963 2840 4029 eminens,

481 4046 632 4100 mihil
696 4047 1050 4103 lacunosum?
1122 4066 1348 4118 cumque
1420 4054 1560 4107 duae
1641 4052 1850 4107 formae
1910 4059 2260 4120 praestantes
2323 4054 2455 4119 sint,
2518 4068 2585 4107 ex
2648 4051 2841 4107 solidis

477 4134 686 4204 ,globus
727 4174 739 4187 .
778 4174 791 4187 .
834 4180 844 4187 .
885 4152 952 4189 ex
987 4137 1168 4203 planis
1207 4146 1388 4194 autem
1429 4141 1662 4194 circulus
1700 4148 1759 4195 et
1796 4142 1956 4217 orbis.

675 4226 716 4287 ³)
753 4224 1000 4293 Corporis
1037 4228 1263 4280 humani
1300 4234 1508 4283 statum
1551 4236 1791 4284 erectum
1830 4230 2020 4283 laudat
2061 4231 2231 4284 etiam
2268 4230 2377 4283 Cic.
2417 4230 2454 4284 l.
2493 4248 2538 4289 c,
2577 4230 2609 4298 ξ
2651 4232 2767 4282 140.

671 4314 714 4383 ⁴)
754 4314 834 4369 De
871 4329 1086 4382 paragr.
1127 4318 1193 4366 55
1231 4324 1426 4383 postea
1461 4320 1771 4386 disputabo.

608 4428 614 4436 ·
673 4403 716 4471 ὃ)
754 4402 837 4457 De
871 4419 1088 4473 paragr.
1130 4407 1196 4457 72
1235 4406 1382 4460 infra
1418 4407 1700 4463 disseram.

2524 4498 2590 4548 4*
