3425 5167
1510 428 1600 440 ..-
1691 395 1955 461 40-

560 575 763 640 habet
823 576 990 655 apud
1056 576 1486 657 Ambrosium,
1551 576 1658 655 qui
1721 574 1947 641 eodem
2001 576 2344 658 participio
2413 576 2915 665 ,,8118111111)18111ιι

560 682 629 746 111
679 682 805 747 alio
855 684 1195 748 verborum
1250 701 1424 749 nexu
1477 702 1630 748 usus
1676 684 1870 748 huius
1926 684 2112 749 verbi
2158 684 2495 749 medialom
2547 684 2694 767 vim,
2746 702 2925 763 quae

561 788 727 852 nihil
771 789 973 854 habet
1018 789 1368 872 singulare,
1419 797 1736 870 usurpat..

742 894 1094 975 Postquam
1140 896 1697 978 comprobavimus
1764 897 2174 963 Ambrosium
2236 898 2375 963 fere
2439 898 2681 978 onmia,
2745 916 2926 977 quae

563 1002 800 1082 Apulei
848 1002 1062 1083 capite
1093 1002 1218 1067 XV
1271 1004 1702 1085 continentur,
1754 1004 1979 1069 eodem
2027 1005 2251 1069 ordine
2299 1013 2563 1070 servato
2609 1004 2675 1068 in
2724 1022 2922 1069 suunt·

564 1127 745 1174 usum
783 1110 1204 1190 convertisse,
1254 1111 1565 1175 nonnulla
1597 1113 1899 1192 exempla
1932 1131 2013 1177 ex
2045 1114 2258 1192 capite
2289 1111 2451 1176 XVI
2484 1111 2923 1177 examinanda

562 1220 832 1281 restant.
924 1217 1205 1283 Ineunte
1252 1218 1374 1283 hoc
1421 1219 1636 1299 capite
1684 1228 1927 1284 exstat:
1982 1221 2461 1301 „visceribus
2510 1237 2684 1284 ossa
2730 1224 2920 1285 sunt-

559 1345 809 1423 tecta;
856 1341 1123 1407 eadem
1170 1331 1532 1409 revincta
1578 1331 1760 1409 sunt
1806 1332 2162 1426 nervisl).
2220 1352 2287 1409 et
2330 1351 2548 1409 tamen
2597 1362 2694 1424 ea,
2744 1361 2926 1423 quae

561 1454 715 1513 suut
760 1449 1262 1515 internuntia
1307 1450 1735 1532 sentiendi,
1788 1452 1881 1515 sic
1928 1458 2081 1516 sunt
2126 1456 2400 1531 operta
2431 1450 2921 1533 visceribusr

560 1574 645 1621 ne
691 1556 1506 1623 crassitudinesensus
1553 1558 2003 1624 hebetentur.“
2381 1623 2384 1624 γ
2878 1610 2882 1614 .

739 1663 1142 1744 Ambrosius,
1193 1665 1300 1743 qui
1347 1664 1409 1727 in
1462 1684 1719 1747 paragr.
1754 1664 1791 1727 7
1800 1664 1837 1725 2
1872 1668 1953 1731 ab
1988 1666 2224 1745 Apulei
2258 1670 2541 1730 tractatu
2573 1665 2918 1745 digressus

561 1776 724 1851 erat,
771 1772 840 1835 in
888 1772 1186 1851 sequenti
1233 1779 1423 1851 parte
1471 1790 1546 1836 eo
1593 1790 1901 1837 reversus
1950 1754 2230 1837 auctoris
2278 1772 2487 1836 locum
2533 1771 2721 1836 modo
2754 1771 2922 1836 alla-

560 1882 699 1941 tum
753 1876 858 1942 his
905 1878 1124 1943 verbis
1180 1878 1473 1943 imitatur
1530 1877 1587 1959 (ξ
1637 1876 1778 1949 73);
1834 1879 2199 1963 „Venarum
2246 1880 2471 1960 pulsus
2505 1880 2610 1944 vel
2644 1876 2916 1943 infirmi-

557 1983 718 2049 tatis
764 1984 1352 2050 internuntius.
1390 1986 1498 2051 vel
1545 1986 1775 2051 salutis
1817 1992 1945 2051 est.
2002 1985 2270 2052 eaedem
2316 1995 2533 2051 tamen
2581 2004 2724 2050 cum
2771 1992 2925 2049 toto

562 2089 840 2157 diffusae
887 2110 1156 2172 corpore
1204 2092 1362 2175 sint,
1410 2110 1622 2172 neque
1669 2093 1883 2159 nudae
1929 2099 2123 2173 atque
2170 2094 2453 2159 intectae
2501 2099 2655 2160 sunt
2699 2098 2767 2158 et
2812 2092 2925 2156 ita

561 2198 816 2264 levibus
850 2200 1368 2280 operiuntur
1404 2200 1939 2283 visceribuS,
1986 2206 2059 2264 ut
2090 2200 2472 2280 explorandi
2505 2200 2688 2281 copia
2720 2199 2810 2264 sit
2840 2206 2919 2263 et.

561 2307 862 2371 celeritas
907 2306 1368 2373 sentiendi.
1447 2306 1700 2386 quando
1755 2307 1931 2371 nulla
1968 2312 2072 2372 est
2108 2307 2536 2373 viscerum
2583 2306 2917 2372 crassi*

555 2412 794 2493 tudo,
843 2431 1008 2492 quae
1053 2414 1311 2493 pulsum
1356 2415 1565 2495 possit
1595 2414 1933 2479 obducere.
2012 2433 2161 2479 ossa
2192 2433 2443 2493 quoque
2475 2414 2690 2479 omnia
2727 2404 2917 2479 tenui¹

557 2528 832 2600 operta
879 2529 1084 2585 sunt
1129 2521 1472 2587 viscere
1521 2528 1605 2585 et
1648 2521 2054 2587 revincta
2100 2520 2427 2587 nerviS.“

735 2627 860 2691 Hic
905 2628 1084 2692 locus
1133 2628 1376 2707 optime
1409 2628 1737 2709 Ambrosii
1785 2629 2172 2709 compilandi
2218 2630 2536 2693 rationem
2577 2630 2923 2693 illustrare

557 2734 718 2799 mihi
764 2733 1038 2800 videtur.
1111 2734 1270 2797 Nam
1303 2734 1372 2799 in
1419 2736 1634 2815 priore
1681 2734 1873 2815 huius
1920 2736 2343 2816 expositionis
2390 2739 2579 2817 parte
2626 2736 2923 2815 scriptor

556 2859 686 2906 res·
712 2845 1026 2905 tractatas
1075 2842 1336 2906 minime
1377 2860 1457 2906 ex
1489 2822 1767 2921 Apuleio
1814 2848 2143 2908 mutuatus
2193 2848 2314 2924 est,
2362 2842 2556 2907 immo
2595 2862 2751 2909 vero
2790 2862 2917 2907 sua

555 2949 762 3028 ipsius
825 2959 1099 3013 naturae
1165 2950 1485 3015 humanae
1548 2950 1919 3031 cognitione
1976 2951 2165 3014 nixus
2228 2951 2511 3016 auctoris
2574 2952 2923 3031 exemplar

557 3056 749 3120 nimis
783 3056 1337 3137 circumscriptum
1370 3056 1810 3138 amplificavit,
1844 3075 1989 3122 cum
2028 3056 2201 3122 dicat
2236 3056 2563 3122 hominum
2587 3058 2915 3124 valetudi-

558 3181 707 3227 nem
755 3180 836 3226 ex
881 3180 1194 3228 venarum
1242 3164 1432 3243 pulsu
1479 3153 1796 3245 agnosci(
1841 3162 2021 3245 Quae
2068 3165 2301 3229 notitia
2348 3175 2480 3228 tam
2520 3166 2675 3229 trita
2710 3179 2921 3245 atque

556 3271 946 3352 pervulgata
979 3276 1102 3351 est,
1138 3281 1208 3334 ut
1232 3272 1342 3334 vix
1373 3270 1634 3335 credam
1666 3289 1810 3335 eum
1842 3277 2092 3336 certum
2124 3278 2447 3336 auctorem
2486 3273 2917 3337 consulu'sse,.

563 3376 872 3459 Quamvis
934 3378 1134 3458 igitur
1190 3378 1368 3459 ipsas
1429 3395 1549 3461 res,
1584 3378 1860 3463 Apuleio
1921 3396 2046 3442 non
2106 3377 2373 3457 debeat,
2440 3379 2637 3443 nihilo
2699 3382 2919 3443 sotius

557 3483 779 3549 verbis
843 3483 1359 3563 (lictionibusque
1423 3502 1502 3548 ex
1567 3486 1851 3549 auctoris
1928 3484 2395 3550 sententiarum
2462 3504 2633 3549 nexu
2692 3486 2919 3549 alieno

557 3591 890 3656 arcessitis
969 3592 1063 3654 ita
1145 3610 1302 3655 usus
1372 3599 1501 3673 est,
1589 3598 1662 3655 ut
1734 3611 1889 3656 suae
1970 3591 2241 3656 orationi
2318 3590 2518 3655 veluti
2584 3592 2915 3670 pannulos-

553 3697 880 3763 adsueret.
995 3700 1209 3778 Atque
1287 3700 1629 3777 perspicue
1709 3718 1791 3763 ex
1868 3698 2194 3762 Ambrosii
2280 3698 2497 3762 vei-bis
2571 3697 2917 3777 peculiare-

555 3804 1114 3886 Apulei-‘dicendi
1188 3824 1396 3885 genus
1465 3806 1774 3886 perlucet.
1867 3804 1973 3868 Ita
2019 3804 2339 3869 viscerum
2390 3804 2529 3867 voci
2578 3803 2910 3885 duplicem·

555 3911 690 3978 vim
749 3912 1048 3991 imponit,
1115 3929 1252 3975 cum
1303 3912 1369 3974 in
1417 3930 1674 3993 paragr.
1715 3909 1802 3974 70
1850 3917 1918 3975 et
1966 3912 2046 3974 71
2097 3928 2461 3977 sermonem
2507 3911 2900 3976 cotidianum

558 4026 818 4083 secutus
886 4017 1010 4083 hoc
1073 4019 1382 4083 vocabulo
1450 4036 1568 4098 pro
1639 4016 1971 4083 intestinis
2042 4022 2291 4098 utatur,
2361 4019 2427 4081 in
2495 4036 2752 4099 paragr.
2817 4014 2915 4081 73

557 4126 904 4207 Apuleium
960 4124 1250 4191 imitatus
1306 4143 1421 4205 pro
1469 4132 1616 4191 cute
1664 4131 1733 4189 et
1778 4142 1989 4189 carne.
2041 4161 2121 4168 —
2172 4125 2524 4190 Praeterea
2573 4144 2654 4190 ex
2700 4126 2917 4190 inter-
3003 4181 3007 4185 .

554 4254 760 4263 ——-—

733 4342 773 4407 1)
814 4341 1049 4393 oroth-us
1090 4356 1208 4393 011111
1248 4322 1487 4407 spondeo
1527 4338 1779 4393 officitur.
