3425 5167
1572 472 1839 537 ...72
1962 512 2011 519 ,.-

627 649 888 715 hrosins
949 649 1242 715 Platonis
1299 666 1528 716 nomen
1589 668 1704 731 pro
1759 649 2214 733 Xenophontis
2268 653 2503 735 posuit,
2561 652 2821 721 facilius·
2872 672 2973 720 ex-

618 757 915 837 plicatur.
995 757 1156 823 Nam
1201 758 1472 839 cogitari
1521 764 1742 839 potest
1770 759 2184 824 Ambrosium
2232 762 2397 842 apud
2433 766 2755 828 auctorem
2792 780 2973 827 suum

621 864 821 931 solius
855 862 1139 931 Socratis
1170 884 1402 931 nomen
1442 866 1793 940 invenisse,
1846 883 2035 945 quem
2069 868 2275 933 locum
2310 870 2477 934 male
2508 870 2977 949 interpretatus

619 970 1117 1053 amplificaverit
1161 973 1224 1036 in
1267 971 1608 1053 „Socrates
1653 974 1715 1038 in
1768 974 1933 1039 libro
1980 974 2273 1040 Platonis
2320 976 2566 1041 dixisse
2612 976 2976 1061 legitur‘ss)

799 1079 1046 1162 Quibus
1081 1081 1408 1162 expeditis
1439 1082 1857 1161 pervenimus
1890 1080 1971 1145 ad
2004 1080 2195 1151 finem
2225 1084 2665 1162 inquisitionis
2696 1090 2976 1165 nostrae,

621 1201 766 1266 qua·=
795 1186 1301 1253 demonstratum
1354 1206 1500 1253 esse
1546 1194 1700 1269 puto
1749 1189 2078 1255 Ambrosii
2114 1194 2465 1255 tractatum
2512 1208 2595 1255 ex
2641 1190 2977 1277 compluri-

623 1297 756 1360 bus·
821 1295 1112 1361 fontibus
1179 1294 1521 1361 conflatum
1601 1312 1767 1361 esse.
1888 1280 2177 1361 Plurima
2253 1298 2472 1363 hausit
2550 1317 2631 1364 ex
2708 1296 2977 1379 Galem,

626 1402 926 1485 Apuleio,
991 1400 1205 1468 Stoico
1263 1407 1576 1494 auctore,
1629 1405 1939 1469 nonnulla
2001 1404 2443 1471 additamenta
2490 1424 2574 1471 ex
2620 1404 2865 1472 Basilio
2913 1410 2981 1472 et

625 1508 939 1577 Cicerone
1013 1510 1265 1577 adiecit.
1387 1510 1576 1577 Adde
1644 1519 1981 1594 poetarum
2050 1512 2224 1581 locos
2296 1533 2335 1578 a
2404 1513 2796 1580 Schenkelio
2873 1513 2979 1579 ad-

625 1623 902 1700 notatos,
979 1634 1147 1697 quos·
1194 1619 1576 1684 Ambrosius
1655 1620 1965 1685 orationis
2039 1619 2431 1687 excolendae
2506 1625 2576 1687 et
2646 1622 2984 1701 eleganter

626 1725 1091 1806 pei-poliendae
1136 1742 1334 1791 causa
1378 1727 1444 1791 in
1494 1728 1857 1793 sententias
1902 1728 2233 1809 inspersit,
2285 1732 2358 1791 ut
2409 1727 2782 1794 distinctam
2830 1729 2983 1793 scri·

625 1834 830 1913 pteris
877 1833 1182 1897 narrandi
1230 1834 1502 1899 rationis
1533 1832 1821 1919 effigiem
1855 1836 2120 1901 habeas.
2183 1834 2433 1902 Omnes
2459 1841 2777 1912 auctores,
2826 1851 2983 1925 quos

627 1938 808 2023 adiit,
873 1940 942 2005 id
987 1944 1391 2023 spectabant,
1449 1948 1524 2007 ut
1568 1959 1802 2023 corpus
1846 1943 2196 2009 humanum
2254 1942 2615 2025 perfectum
2672 1949 2741 2009 et
2786 1942 2983 2009 omni-

629 2049 764 2112 bus·
825 2048 1180 2114 virtutibus
1254 2056 1548 2115 ornatum
1613 2066 1761 2116 esse
1827 2049 2365 2115 demonstrarent.
2436 2049 2681 2133 ⁴Quam
2753 2052 2985 2115 bonam

631 2154 825 2220 huius
883 2156 1204 2221 naturalis
1267 2156 1713 2238 philosophiae
1783 2158 2127 2239 imaginem
2206 2176 2288 2223 ex
2348 2157 2675 2225 Ambrosii
2740 2157 2987 2239 exposi-

628 2262 806 2329 tione
851 2280 1326 2346 recuperemus,
1375 2264 1644 2331 ineunte
1689 2266 1815 2329 hac
1846 2266 2299 2345 disquisitione
2346 2264 2765 2331 ostendimus.
2812 2300 2896 2309 --

793 2368 925 2435 Sed
947 2371 1098 2451 quid
1119 2371 1399 2451 denique
1425 2372 1506 2438 de
1525 2370 1876 2438 Suetonio?
1900 2372 2252 2452 Postquam
2283 2390 2505 2439 omnes
2517 2373 2989 2439 Ambrosianae

633 2478 1075 2545 enarrationis·
1114 2484 1344 2560 partes·
1370 2484 1670 2545 accurate
1701 2480 2099 2561 perscrutati
2144 2498 2385 2563 sumuS,
2436 2497 2549 2562 pro
2584 2484 2761 2546 certo
2809 2477 2987 2544 affir-

630 2603 810 2651 mare
852 2604 984 2651 nom
1029 2586 1251 2651 dubito
1300 2587 1709 2653 Ambrosium
1758 2588 1911 2653 huic
1956 2588 2201 2653 auctori
2261 2587 2427 2652 nihil
2488 2587 2744 2653 debere.
2838 2586 2987 2653 Sue·

629 2692 844 2757 tonius
903 2699 1046 2758 erat
1102 2694 1396 2775 scriptor,
1456 2694 1566 2774 qui
1614 2693 2182 2775 grammaticorum
2244 2700 2595 2776 praecepta
2652 2694 2848 2760 etiam
2907 2694 2988 2758 ad

631 2796 1129 2867 describendum
1177 2816 1412 2883 corpus
1453 2802 1803 2866 humanum
1850 2836 1931 2845 ——
1984 2806 2055 2867 ut
2100 2818 2323 2869 verum
2372 2801 2460 2866 sit
2516 2818 2665 2866 eum·
2719 2801 2799 2865 de
2856 2818 2989 2866 cor-

633 2924 788 2991 pore
835 2926 993 2974 ιιιο
1039 2908 1384 2990 scripsisse
1430 2944 1516 2954 -
1551 2910 1885 2975 transtulit
1932 2912 2000 2975 et
2046 2908 2269 2975 doctas
2315 2910 2661 2975 verborum
2709 2908 2987 2990 explica·

631 3015 844 3082 tiones
865 3022 936 3083 et
959 3014 1402 3083 derivationes
1424 3016 1725 3083 adhibuit
1740 3016 1812 3101 ²),
1838 3016 2050 3097 qualis
2083 3014 2466 3083 eruditionis
2499 3015 2676 3080 nulla
2708 3014 2991 3097 vestigia

633 3122 803 3206 apud
879 3124 1292 3190 Ambrosium
1371 3123 1798 3212 reperiuntur.
1920 3123 2188 3188 Minime
2264 3128 2482 3189 autem
2560 3122 2990 3188 demonstrari

633 3236 848 3312 potest
911 3229 1287 3298 Suetonium
1349 3231 1710 3297 Stoicorum
1777 3231 2111 3315 physicam
2172 3230 2488 3297 rationem
2551 3231 2844 3295 secutum
2909 3227 2993 3351 de

634 3337 926 3419 corporis
967 3339 1234 3404 humani
1283 3339 1680 3423 perfectione
1727 3339 1963 3423 egisse.
2012 3372 2093 3384 —-

821 3537 863 3601 ¹)
904 3536 962 3591 Si
996 3537 1102 3591 hac
1145 3536 1214 3591 de
1249 3551 1310 3591 re
1344 3539 1496 3592 recte
1532 3533 1915 3600 iudicavimus,
1970 3532 2221 3602 nequitur
2271 3536 2331 3585 ut
2367 3530 2691 3586 Ambrosius
2728 3530 2901 3585 etiam-
2934 3528 2993 3581 in

633 3607 672 3679 1.
715 3624 763 3680 V
799 3626 833 3697 fi
869 3627 940 3679 80
985 3642 1037 3695 p.
1082 3628 1176 3679 165
1219 3641 1330 3681 non
1377 3642 1445 3681 ex
1480 3624 1842 3693 Xenophonte
1880 3622 2019 3692 ipso,
2066 3622 2164 3677 sed
2201 3636 2268 3676 ex
2305 3621 2493 3675 eodem
2532 3624 2756 3675 auctore
2790 3617 2989 3685 Stoico,

639 3731 744 3784 quo
793 3716 852 3771 in
889 3716 1247 3772 describendo
1299 3730 1523 3784 corpore
1571 3715 1811 3769 humano
1848 3728 1979 3767 usus
2018 3716 2123 3778 est,
2174 3710 2414 3765 hauniat.
2488 3707 2619 3763 Alia
2656 3706 2902 3775 exempla
2935 3706 2995 3761 in

639 3818 865 3861 censum
915 3822 1025 3860 non
1061 3806 1312 3870 veniunt,
1367 3820 1496 3858 nam
1545 3819 1607 3859 eo
1651 3803 1789 3867 loco,
1838 3816 1997 3868 quem
2052 3798 2288 3854 Schenkl
2322 3804 2611 3867 praeterea
2646 3794 2996 3865 Xenophonti

639 3894 870 3949 ascribit
906 3894 963 3963 (l.
1001 3890 1082 3949 VI
1118 3893 1153 3963 ξ
1188 3896 1258 3945 58
1294 3910 1346 3961 p.
1385 3894 1532 3958 249),
1570 3892 1888 3945 Ambrosius
1933 3889 2114 3943 minus
2141 3903 2263 3941 cum
2300 3888 2403 3943 hoc
2440 3892 2661 3942 auctore
2688 3902 2849 3953 quam
2876 3902 2995 3942 cum

640 3983 904 4039 Cicerone
941 3987 1000 4039 et
1034 3982 1265 4051 Apuleio
1306 3980 1603 4037 consentit.
3006 3981 3010 3985 ·

821 4074 864 4143 ¹)
900 4072 1021 4129 Hoc
1058 4072 1230 4128 etiam
1277 4086 1344 4125 ex
1378 4069 1567 4141 parvis
1615 4068 1730 4124 illis
1780 4064 2119 4164 exilibusque
2164 4064 2415 4140 reliquiis
2451 4062 2796 4139 (Reiffersch.
2833 4060 2999 4136 frgm.

643 4163 946 4235 lto-1178)
984 4162 1246 4236 colligere
1280 4160 1432 4217 licet.

1605 4328 2035 4356 *m*
1674 4332 1687 4339 '¹⁴
1825 4335 1829 4337 '
1842 4324 1847 4332 ¹
1896 4350 1899 4352 .
1992 4332 1994 4335 ⁴
2036 4340 2047 4347 η
