<?xml version="1.0" encoding="UTF-8"?>
<!DOCTYPE html PUBLIC "-//W3C//DTD XHTML 1.0 Transitional//EN"
    "http://www.w3.org/TR/xhtml1/DTD/xhtml1-transitional.dtd">
<html xmlns="http://www.w3.org/1999/xhtml" xml:lang="en" lang="en">
 <head>
  <title>
</title>
<meta http-equiv="Content-Type" content="text/html;charset=utf-8" />
  <meta name='ocr-system' content='tesseract 3.04.00' />
  <meta name='ocr-capabilities' content='ocr_page ocr_carea ocr_par ocr_line ocrx_word'/>
</head>
<body>
  <div class='ocr_page' id='page_1' title='image "./quibusexfontibu00gossgoog_0045.png"; bbox 0 0 3425 5167; ppageno 0'>
   <div class='ocr_carea' id='block_1_1' title="bbox 1439 444 1881 509">
    <p class='ocr_par' dir='ltr' id='par_1_1' title="bbox 1439 444 1881 509">
     <span class='ocr_line' id='line_1_1' title="bbox 1439 444 1881 509; baseline 0.009 -20"><span class='ocrx_word' id='word_1_1' title='bbox 1439 444 1881 509; x_wconf 72' lang='lat'><strong>..43-</strong></span> 
     </span>
    </p>
   </div>
   <div class='ocr_carea' id='block_1_2' title="bbox 415 621 2929 4453">
    <p class='ocr_par' dir='ltr' id='par_1_2' title="bbox 487 621 2929 3811">
     <span class='ocr_line' id='line_1_2' title="bbox 493 621 2849 707; baseline 0.002 -22"><span class='ocrx_word' id='word_1_2' title='bbox 493 621 812 701; x_wconf 81' lang='lat' dir='ltr'><strong>quitatem</strong></span> <span class='ocrx_word' id='word_1_3' title='bbox 873 630 990 689; x_wconf 89' lang='lat' dir='ltr'><strong>aut</strong></span> <span class='ocrx_word' id='word_1_4' title='bbox 1047 624 1584 691; x_wconf 84' lang='lat' dir='ltr'><strong>consuetudinem</strong></span> <span class='ocrx_word' id='word_1_5' title='bbox 1643 625 1983 707; x_wconf 80' lang='lat' dir='ltr'><strong>vulgarem</strong></span> <span class='ocrx_word' id='word_1_6' title='bbox 2026 625 2329 691; x_wconf 81' lang='lat' dir='ltr'>redolent</span> <span class='ocrx_word' id='word_1_7' title='bbox 2372 626 2477 706; x_wconf 76' lang='lat' dir='ltr'><strong>(ct.</strong></span> <span class='ocrx_word' id='word_1_8' title='bbox 2524 624 2849 703; x_wconf 73' lang='lat' dir='ltr'>ancillari,</span> 
     </span>
     <span class='ocr_line' id='line_1_3' title="bbox 493 730 2845 816; baseline 0.002 -23"><span class='ocrx_word' id='word_1_9' title='bbox 493 730 1024 811; x_wconf 66' lang='lat' dir='ltr'><strong>promptuarium,</strong></span> <span class='ocrx_word' id='word_1_10' title='bbox 1087 732 1400 813; x_wconf 85' lang='lat' dir='ltr'><strong>osculnm,</strong></span> <span class='ocrx_word' id='word_1_11' title='bbox 1455 731 1851 816; x_wconf 79' lang='lat' dir='ltr'><strong>seminium).</strong></span> <span class='ocrx_word' id='word_1_12' title='bbox 1954 732 2181 813; x_wconf 85' lang='lat' dir='ltr'><strong>Neque</strong></span> <span class='ocrx_word' id='word_1_13' title='bbox 2234 739 2457 799; x_wconf 81' lang='lat' dir='ltr'><strong>tamen</strong></span> <span class='ocrx_word' id='word_1_14' title='bbox 2512 740 2845 799; x_wconf 87' lang='lat' dir='ltr'><strong>auctorem</strong></span> 
     </span>
     <span class='ocr_line' id='line_1_4' title="bbox 489 837 2845 920; baseline 0.001 -20"><span class='ocrx_word' id='word_1_15' title='bbox 489 854 682 901; x_wconf 84' lang='lat' dir='ltr'><strong>suum</strong></span> <span class='ocrx_word' id='word_1_16' title='bbox 747 837 844 902; x_wconf 83' lang='lat' dir='ltr'><strong>ita</strong></span> <span class='ocrx_word' id='word_1_17' title='bbox 906 838 1200 904; x_wconf 82' lang='lat' dir='ltr'><strong>imitatus</strong></span> <span class='ocrx_word' id='word_1_18' title='bbox 1265 846 1368 904; x_wconf 72' lang='lat' dir='ltr'><strong>oet</strong></span> <span class='ocrx_word' id='word_1_19' title='bbox 1383 889 1400 920; x_wconf 90' lang='lat'><strong>,</strong></span> <span class='ocrx_word' id='word_1_20' title='bbox 1469 847 1544 904; x_wconf 91' lang='lat' dir='ltr'><strong>nt</strong></span> <span class='ocrx_word' id='word_1_21' title='bbox 1605 858 1833 905; x_wconf 66' lang='lat' dir='ltr'><strong>omnae</strong></span> <span class='ocrx_word' id='word_1_22' title='bbox 1900 840 2355 905; x_wconf 84' lang='lat' dir='ltr'><strong>vocabulorum</strong></span> <span class='ocrx_word' id='word_1_23' title='bbox 2422 838 2845 905; x_wconf 76' lang='lat' dir='ltr'><strong>formationes</strong></span> 
     </span>
     <span class='ocr_line' id='line_1_5' title="bbox 493 943 2847 1028; baseline 0.002 -21"><span class='ocrx_word' id='word_1_24' title='bbox 493 943 784 1009; x_wconf 86' lang='lat' dir='ltr'><strong>insuetas</strong></span> <span class='ocrx_word' id='word_1_25' title='bbox 829 946 1284 1025; x_wconf 82' lang='lat' dir='ltr'><strong>obsoletasque</strong></span> <span class='ocrx_word' id='word_1_26' title='bbox 1329 954 1578 1011; x_wconf 83' lang='lat' dir='ltr'><strong>temere</strong></span> <span class='ocrx_word' id='word_1_27' title='bbox 1625 966 1702 1012; x_wconf 90' lang='lat' dir='ltr'><strong>ac</strong></span> <span class='ocrx_word' id='word_1_28' title='bbox 1738 946 2009 1012; x_wconf 81' lang='lat' dir='ltr'><strong>fortuito</strong></span> <span class='ocrx_word' id='word_1_29' title='bbox 2039 946 2603 1028; x_wconf 80' lang='lat' dir='ltr'><strong>complecteretur,</strong></span> <span class='ocrx_word' id='word_1_30' title='bbox 2650 946 2847 1011; x_wconf 86' lang='lat' dir='ltr'><strong>immo</strong></span> 
     </span>
     <span class='ocr_line' id='line_1_6' title="bbox 489 1052 2847 1135; baseline 0.002 -20"><span class='ocrx_word' id='word_1_31' title='bbox 489 1069 652 1116; x_wconf 78' lang='lat' dir='ltr'><strong>vcro</strong></span> <span class='ocrx_word' id='word_1_32' title='bbox 697 1053 960 1132; x_wconf 86' lang='lat' dir='ltr'><strong>saepius</strong></span> <span class='ocrx_word' id='word_1_33' title='bbox 1005 1054 1298 1119; x_wconf 84' lang='lat' dir='ltr'><strong>consulto</strong></span> <span class='ocrx_word' id='word_1_34' title='bbox 1345 1055 1428 1117; x_wconf 82' lang='lat' dir='ltr'><strong>ab</strong></span> <span class='ocrx_word' id='word_1_35' title='bbox 1475 1072 1553 1118; x_wconf 93' lang='lat' dir='ltr'><strong>eo</strong></span> <span class='ocrx_word' id='word_1_36' title='bbox 1599 1053 1939 1135; x_wconf 83' lang='lat' dir='ltr'><strong>digressus</strong></span> <span class='ocrx_word' id='word_1_37' title='bbox 1983 1052 2381 1119; x_wconf 75' lang='lat' dir='ltr'><strong>moderatius</strong></span> <span class='ocrx_word' id='word_1_38' title='bbox 2426 1061 2497 1119; x_wconf 90' lang='lat' dir='ltr'><strong>et</strong></span> <span class='ocrx_word' id='word_1_39' title='bbox 2540 1052 2847 1119; x_wconf 77' lang='lat' dir='ltr'><strong>usitatius</strong></span> 
     </span>
     <span class='ocr_line' id='line_1_7' title="bbox 487 1158 2847 1248; baseline 0.001 -25"><span class='ocrx_word' id='word_1_40' title='bbox 487 1158 754 1223; x_wconf 78' lang='lat' dir='ltr'><strong>dicendi</strong></span> <span class='ocrx_word' id='word_1_41' title='bbox 807 1178 1020 1243; x_wconf 86' lang='lat' dir='ltr'><strong>genus</strong></span> <span class='ocrx_word' id='word_1_42' title='bbox 1075 1159 1390 1225; x_wconf 89' lang='lat' dir='ltr'><strong>adhibere</strong></span> <span class='ocrx_word' id='word_1_43' title='bbox 1445 1161 1674 1225; x_wconf 86' lang='lat' dir='ltr'><strong>maluit</strong></span> <span class='ocrx_word' id='word_1_44' title='bbox 1720 1162 1827 1244; x_wconf 79' lang='lat' dir='ltr'><strong>(cf.</strong></span> <span class='ocrx_word' id='word_1_45' title='bbox 1874 1164 2089 1241; x_wconf 76' lang='lat' dir='ltr'><strong>orbeS,</strong></span> <span class='ocrx_word' id='word_1_46' title='bbox 2136 1161 2335 1241; x_wconf 83' lang='lat' dir='ltr'><strong>iecur,</strong></span> <span class='ocrx_word' id='word_1_47' title='bbox 2384 1160 2847 1248; x_wconf 79' lang='lat' dir='ltr'><strong>circumplecti,</strong></span> 
     </span>
     <span class='ocr_line' id='line_1_8' title="bbox 495 1266 2849 1350; baseline 0.001 -20"><span class='ocrx_word' id='word_1_48' title='bbox 495 1266 981 1349; x_wconf 78' lang='lat' dir='ltr'><strong>internuntius).</strong></span> <span class='ocrx_word' id='word_1_49' title='bbox 1073 1267 1204 1334; x_wconf 89' lang='lat' dir='ltr'><strong>Sed</strong></span> <span class='ocrx_word' id='word_1_50' title='bbox 1249 1268 1601 1332; x_wconf 89' lang='lat' dir='ltr'><strong>maximum</strong></span> <span class='ocrx_word' id='word_1_51' title='bbox 1649 1269 2023 1350; x_wconf 88' lang='lat' dir='ltr'><strong>discrimen,</strong></span> <span class='ocrx_word' id='word_1_52' title='bbox 2068 1268 2238 1347; x_wconf 90' lang='lat' dir='ltr'><strong>quod</strong></span> <span class='ocrx_word' id='word_1_53' title='bbox 2284 1269 2457 1333; x_wconf 83' lang='lat' dir='ltr'><strong>inter</strong></span> <span class='ocrx_word' id='word_1_54' title='bbox 2502 1267 2849 1349; x_wconf 83' lang='lat' dir='ltr'><strong>Apuleium</strong></span> 
     </span>
     <span class='ocr_line' id='line_1_9' title="bbox 488 1374 2851 1456; baseline 0.001 -17"><span class='ocrx_word' id='word_1_55' title='bbox 488 1381 568 1439; x_wconf 84' lang='lat' dir='ltr'><strong>et</strong></span> <span class='ocrx_word' id='word_1_56' title='bbox 615 1374 1022 1440; x_wconf 81' lang='lat' dir='ltr'><strong>Ambrosium</strong></span> <span class='ocrx_word' id='word_1_57' title='bbox 1069 1376 1454 1456; x_wconf 81' lang='lat' dir='ltr'><strong>intercedit,</strong></span> <span class='ocrx_word' id='word_1_58' title='bbox 1523 1377 1588 1440; x_wconf 91' lang='lat' dir='ltr'><strong>in</strong></span> <span class='ocrx_word' id='word_1_59' title='bbox 1637 1376 1970 1442; x_wconf 81' lang='lat' dir='ltr'><strong>scribendi</strong></span> <span class='ocrx_word' id='word_1_60' title='bbox 2026 1376 2280 1445; x_wconf 84' lang='lat' dir='ltr'><strong>ratione</strong></span> <span class='ocrx_word' id='word_1_61' title='bbox 2336 1386 2533 1455; x_wconf 82' lang='lat' dir='ltr'><strong>atque</strong></span> <span class='ocrx_word' id='word_1_62' title='bbox 2580 1374 2851 1441; x_wconf 89' lang='lat' dir='ltr'><strong>consilio</strong></span> 
     </span>
     <span class='ocr_line' id='line_1_10' title="bbox 493 1480 2851 1569; baseline 0.001 -23"><span class='ocrx_word' id='word_1_63' title='bbox 493 1480 777 1563; x_wconf 85' lang='lat' dir='ltr'><strong>positum</strong></span> <span class='ocrx_word' id='word_1_64' title='bbox 831 1490 950 1547; x_wconf 75' lang='lat' dir='ltr'><strong>est.</strong></span> <span class='ocrx_word' id='word_1_65' title='bbox 1046 1482 1362 1564; x_wconf 87' lang='lat' dir='ltr'><strong>Apuleius</strong></span> <span class='ocrx_word' id='word_1_66' title='bbox 1409 1483 1603 1564; x_wconf 89' lang='lat' dir='ltr'><strong>enim,</strong></span> <span class='ocrx_word' id='word_1_67' title='bbox 1651 1483 1763 1563; x_wconf 91' lang='lat' dir='ltr'><strong>qui</strong></span> <span class='ocrx_word' id='word_1_68' title='bbox 1809 1483 2233 1566; x_wconf 88' lang='lat' dir='ltr'><strong>philosophus</strong></span> <span class='ocrx_word' id='word_1_69' title='bbox 2259 1482 2656 1569; x_wconf 51' lang='lat' dir='ltr'><strong>·Platonicus</strong></span> <span class='ocrx_word' id='word_1_70' title='bbox 2702 1498 2851 1549; x_wconf 80' lang='lat' dir='ltr'><strong>esse</strong></span> 
     </span>
     <span class='ocr_line' id='line_1_11' title="bbox 491 1576 2853 1670; baseline 0 -17"><span class='ocrx_word' id='word_1_71' title='bbox 491 1589 626 1653; x_wconf 85' lang='lat' dir='ltr'><strong>sibi</strong></span> <span class='ocrx_word' id='word_1_72' title='bbox 692 1588 1071 1656; x_wconf 82' lang='lat' dir='ltr'><strong>videbatur.</strong></span> <span class='ocrx_word' id='word_1_73' title='bbox 1135 1596 1208 1653; x_wconf 92' lang='lat' dir='ltr'><strong>ut</strong></span> <span class='ocrx_word' id='word_1_74' title='bbox 1267 1576 1548 1655; x_wconf 68' lang='lat' dir='ltr'><strong>ceteras&#39;</strong></span> <span class='ocrx_word' id='word_1_75' title='bbox 1583 1590 1903 1655; x_wconf 85' lang='lat' dir='ltr'><strong>naturalis</strong></span> <span class='ocrx_word' id='word_1_76' title='bbox 1950 1590 2399 1670; x_wconf 79' lang='lat' dir='ltr'><strong>philosophiae</strong></span> <span class='ocrx_word' id='word_1_77' title='bbox 2446 1598 2697 1669; x_wconf 86' lang='lat' dir='ltr'><strong>partes,</strong></span> <span class='ocrx_word' id='word_1_78' title='bbox 2758 1589 2853 1654; x_wconf 81' lang='lat' dir='ltr'><strong>ita</strong></span> 
     </span>
     <span class='ocr_line' id='line_1_12' title="bbox 491 1696 2853 1777; baseline 0 -17"><span class='ocrx_word' id='word_1_79' title='bbox 491 1697 786 1775; x_wconf 88' lang='lat' dir='ltr'><strong>corporis</strong></span> <span class='ocrx_word' id='word_1_80' title='bbox 832 1706 1227 1761; x_wconf 81' lang='lat' dir='ltr'><strong>structuram</strong></span> <span class='ocrx_word' id='word_1_81' title='bbox 1275 1696 1634 1761; x_wconf 85' lang='lat' dir='ltr'><strong>secundum</strong></span> <span class='ocrx_word' id='word_1_82' title='bbox 1679 1696 1981 1762; x_wconf 87' lang='lat' dir='ltr'><strong>Platonis</strong></span> <span class='ocrx_word' id='word_1_83' title='bbox 2024 1704 2379 1777; x_wconf 86' lang='lat' dir='ltr'><strong>praecepta</strong></span> <span class='ocrx_word' id='word_1_84' title='bbox 2422 1696 2648 1777; x_wconf 77' lang='lat' dir='ltr'><strong>paucis</strong></span> <span class='ocrx_word' id='word_1_85' title='bbox 2695 1696 2853 1763; x_wconf 75' lang='lat' dir='ltr'><strong>deli-</strong></span> 
     </span>
     <span class='ocr_line' id='line_1_13' title="bbox 495 1801 2851 1885; baseline 0.001 -18"><span class='ocrx_word' id='word_1_86' title='bbox 495 1820 699 1868; x_wconf 89' lang='lat' dir='ltr'><strong>neare</strong></span> <span class='ocrx_word' id='word_1_87' title='bbox 744 1809 816 1867; x_wconf 89' lang='lat' dir='ltr'><strong>et</strong></span> <span class='ocrx_word' id='word_1_88' title='bbox 859 1801 1247 1869; x_wconf 86' lang='lat' dir='ltr'><strong>adumbrare</strong></span> <span class='ocrx_word' id='word_1_89' title='bbox 1295 1804 1518 1885; x_wconf 89' lang='lat' dir='ltr'><strong>voluit,</strong></span> <span class='ocrx_word' id='word_1_90' title='bbox 1570 1804 1957 1869; x_wconf 84' lang='lat' dir='ltr'><strong>Ambrosius</strong></span> <span class='ocrx_word' id='word_1_91' title='bbox 2002 1810 2240 1877; x_wconf 88' lang='lat' dir='ltr'><strong>autem,</strong></span> <span class='ocrx_word' id='word_1_92' title='bbox 2290 1802 2401 1883; x_wconf 90' lang='lat' dir='ltr'><strong>qui</strong></span> <span class='ocrx_word' id='word_1_93' title='bbox 2446 1809 2651 1867; x_wconf 90' lang='lat' dir='ltr'><strong>totum</strong></span> <span class='ocrx_word' id='word_1_94' title='bbox 2678 1802 2851 1869; x_wconf 89' lang='lat' dir='ltr'><strong>huuc</strong></span> 
     </span>
     <span class='ocr_line' id='line_1_14' title="bbox 495 1909 2853 1992; baseline 0.001 -17"><span class='ocrx_word' id='word_1_95' title='bbox 495 1918 850 1975; x_wconf 82' lang='lat' dir='ltr'><strong>tractatum</strong></span> <span class='ocrx_word' id='word_1_96' title='bbox 927 1910 1230 1975; x_wconf 82' lang='lat' dir='ltr'><strong>homiliae</strong></span> <span class='ocrx_word' id='word_1_97' title='bbox 1302 1909 1385 1974; x_wconf 85' lang='lat' dir='ltr'><strong>ad</strong></span> <span class='ocrx_word' id='word_1_98' title='bbox 1463 1911 1768 1992; x_wconf 91' lang='lat' dir='ltr'><strong>populum</strong></span> <span class='ocrx_word' id='word_1_99' title='bbox 1850 1910 2117 1975; x_wconf 88' lang='lat' dir='ltr'><strong>habitae</strong></span> <span class='ocrx_word' id='word_1_100' title='bbox 2200 1909 2499 1989; x_wconf 86' lang='lat' dir='ltr'><strong>inseruit,</strong></span> <span class='ocrx_word' id='word_1_101' title='bbox 2577 1910 2853 1977; x_wconf 81' lang='lat' dir='ltr'><strong>oratoris</strong></span> 
     </span>
     <span class='ocr_line' id='line_1_15' title="bbox 499 2015 2857 2099; baseline -0 -17"><span class='ocrx_word' id='word_1_102' title='bbox 499 2021 794 2099; x_wconf 82' lang='lat' dir='ltr'><strong>vigorem</strong></span> <span class='ocrx_word' id='word_1_103' title='bbox 887 2024 957 2083; x_wconf 89' lang='lat' dir='ltr'><strong>et</strong></span> <span class='ocrx_word' id='word_1_104' title='bbox 1045 2024 1340 2081; x_wconf 84' lang='lat' dir='ltr'><strong>ornatum</strong></span> <span class='ocrx_word' id='word_1_105' title='bbox 1429 2025 1584 2082; x_wconf 88' lang='lat' dir='ltr'><strong>ante</strong></span> <span class='ocrx_word' id='word_1_106' title='bbox 1668 2017 1887 2082; x_wconf 87' lang='lat' dir='ltr'><strong>omnia</strong></span> <span class='ocrx_word' id='word_1_107' title='bbox 1973 2016 2311 2097; x_wconf 87' lang='lat' dir='ltr'><strong>qnaesivit.</strong></span> <span class='ocrx_word' id='word_1_108' title='bbox 2426 2015 2657 2097; x_wconf 84' lang='lat' dir='ltr'><strong>Itaque</strong></span> <span class='ocrx_word' id='word_1_109' title='bbox 2747 2034 2857 2082; x_wconf 84' lang='lat' dir='ltr'><strong>au·</strong></span> 
     </span>
     <span class='ocr_line' id='line_1_16' title="bbox 499 2122 2929 2215; baseline -0.001 -24"><span class='ocrx_word' id='word_1_110' title='bbox 499 2124 703 2191; x_wconf 84' lang='lat' dir='ltr'><strong>cteris</strong></span> <span class='ocrx_word' id='word_1_111' title='bbox 781 2124 1080 2204; x_wconf 85' lang='lat' dir='ltr'><strong>exempla</strong></span> <span class='ocrx_word' id='word_1_112' title='bbox 1152 2123 1555 2204; x_wconf 84' lang='lat' dir='ltr'><strong>longioribus</strong></span> <span class='ocrx_word' id='word_1_113' title='bbox 1619 2123 1964 2188; x_wconf 86' lang='lat' dir='ltr'><strong>verborum</strong></span> <span class='ocrx_word' id='word_1_114' title='bbox 2041 2122 2445 2203; x_wconf 57' lang='lat' dir='ltr'><strong>ambagibus</strong></span> <span class='ocrx_word' id='word_1_115' title='bbox 2524 2123 2855 2189; x_wconf 86' lang='lat' dir='ltr'><strong>vocabulis</strong></span> <span class='ocrx_word' id='word_1_116' title='bbox 2918 2206 2929 2215; x_wconf 60' lang='lat'><strong>.</strong></span> 
     </span>
     <span class='ocr_line' id='line_1_17' title="bbox 502 2227 2857 2312; baseline -0 -15"><span class='ocrx_word' id='word_1_117' title='bbox 502 2230 872 2312; x_wconf 85' lang='lat' dir='ltr'><strong>splendidis</strong></span> <span class='ocrx_word' id='word_1_118' title='bbox 929 2240 997 2296; x_wconf 86' lang='lat' dir='ltr'><strong>et</strong></span> <span class='ocrx_word' id='word_1_119' title='bbox 1041 2230 1360 2296; x_wconf 82' lang='lat' dir='ltr'><strong>translate</strong></span> <span class='ocrx_word' id='word_1_120' title='bbox 1407 2228 1743 2307; x_wconf 84' lang='lat' dir='ltr'><strong>adhibitis,</strong></span> <span class='ocrx_word' id='word_1_121' title='bbox 1792 2229 1954 2294; x_wconf 91' lang='lat' dir='ltr'><strong>locis</strong></span> <span class='ocrx_word' id='word_1_122' title='bbox 2001 2247 2038 2295; x_wconf 92' lang='lat' dir='ltr'><strong>e</strong></span> <span class='ocrx_word' id='word_1_123' title='bbox 2083 2227 2269 2294; x_wconf 86' lang='lat' dir='ltr'><strong>libris</strong></span> <span class='ocrx_word' id='word_1_124' title='bbox 2302 2230 2507 2295; x_wconf 87' lang='lat' dir='ltr'><strong>sacris</strong></span> <span class='ocrx_word' id='word_1_125' title='bbox 2540 2230 2857 2311; x_wconf 85' lang='lat' dir='ltr'><strong>appositis</strong></span> 
     </span>
     <span class='ocr_line' id='line_1_18' title="bbox 501 2335 2858 2405; baseline 0 0"><span class='ocrx_word' id='word_1_126' title='bbox 501 2340 690 2405; x_wconf 84' lang='lat' dir='ltr'><strong>varie</strong></span> <span class='ocrx_word' id='word_1_127' title='bbox 753 2339 1052 2403; x_wconf 84' lang='lat' dir='ltr'><strong>distinxit</strong></span> <span class='ocrx_word' id='word_1_128' title='bbox 1113 2343 1182 2403; x_wconf 88' lang='lat' dir='ltr'><strong>et</strong></span> <span class='ocrx_word' id='word_1_129' title='bbox 1228 2338 1587 2403; x_wconf 81' lang='lat' dir='ltr'><strong>exornavit.</strong></span> <span class='ocrx_word' id='word_1_130' title='bbox 1679 2336 1865 2401; x_wconf 87' lang='lat' dir='ltr'><strong>Haec</strong></span> <span class='ocrx_word' id='word_1_131' title='bbox 1913 2335 2240 2403; x_wconf 87' lang='lat' dir='ltr'><strong>scribendi</strong></span> <span class='ocrx_word' id='word_1_132' title='bbox 2286 2336 2451 2401; x_wconf 88' lang='lat' dir='ltr'><strong>ratio</strong></span> <span class='ocrx_word' id='word_1_133' title='bbox 2499 2336 2858 2405; x_wconf 80' lang='lat' dir='ltr'><strong>clarissime</strong></span> 
     </span>
     <span class='ocr_line' id='line_1_19' title="bbox 499 2440 2857 2527; baseline -0 -17"><span class='ocrx_word' id='word_1_134' title='bbox 499 2464 590 2510; x_wconf 84' lang='lat' dir='ltr'><strong>ex</strong></span> <span class='ocrx_word' id='word_1_135' title='bbox 635 2463 892 2527; x_wconf 84' lang='lat' dir='ltr'><strong>paragr.</strong></span> <span class='ocrx_word' id='word_1_136' title='bbox 941 2444 1025 2507; x_wconf 76' lang='lat'><strong>57</strong></span> <span class='ocrx_word' id='word_1_137' title='bbox 1075 2451 1142 2510; x_wconf 87' lang='lat' dir='ltr'><strong>et</strong></span> <span class='ocrx_word' id='word_1_138' title='bbox 1183 2445 1269 2510; x_wconf 90' lang='lat'><strong>68</strong></span> <span class='ocrx_word' id='word_1_139' title='bbox 1317 2445 1549 2510; x_wconf 88' lang='lat' dir='ltr'><strong>elucet.</strong></span> <span class='ocrx_word' id='word_1_140' title='bbox 1579 2478 1669 2489; x_wconf 90' lang='lat'>—</span> <span class='ocrx_word' id='word_1_141' title='bbox 1701 2442 1831 2509; x_wconf 87' lang='lat' dir='ltr'><strong>Sed</strong></span> <span class='ocrx_word' id='word_1_142' title='bbox 1880 2462 2009 2509; x_wconf 84' lang='lat' dir='ltr'><strong>una</strong></span> <span class='ocrx_word' id='word_1_143' title='bbox 2055 2462 2127 2510; x_wconf 90' lang='lat' dir='ltr'><strong>re</strong></span> <span class='ocrx_word' id='word_1_144' title='bbox 2175 2443 2433 2523; x_wconf 88' lang='lat' dir='ltr'><strong>paulum</strong></span> <span class='ocrx_word' id='word_1_145' title='bbox 2468 2440 2857 2511; x_wconf 78' lang='lat' dir='ltr'><strong>offendimur</strong></span> 
     </span>
     <span class='ocr_line' id='line_1_20' title="bbox 499 2549 2854 2632; baseline -0 -16"><span class='ocrx_word' id='word_1_146' title='bbox 499 2553 571 2616; x_wconf 90' lang='lat' dir='ltr'><strong>in</strong></span> <span class='ocrx_word' id='word_1_147' title='bbox 606 2552 934 2617; x_wconf 89' lang='lat' dir='ltr'><strong>Ambrosii</strong></span> <span class='ocrx_word' id='word_1_148' title='bbox 978 2551 1716 2632; x_wconf 75' lang='lat' dir='ltr'><strong>partibusApuleianis,</strong></span> <span class='ocrx_word' id='word_1_149' title='bbox 1768 2558 1841 2617; x_wconf 89' lang='lat' dir='ltr'><strong>ut</strong></span> <span class='ocrx_word' id='word_1_150' title='bbox 1870 2551 1965 2615; x_wconf 86' lang='lat' dir='ltr'><strong>ita</strong></span> <span class='ocrx_word' id='word_1_151' title='bbox 1995 2551 2222 2616; x_wconf 88' lang='lat' dir='ltr'><strong>dicam.</strong></span> <span class='ocrx_word' id='word_1_152' title='bbox 2300 2549 2423 2615; x_wconf 86' lang='lat' dir='ltr'><strong>Ille</strong></span> <span class='ocrx_word' id='word_1_153' title='bbox 2468 2550 2639 2617; x_wconf 86' lang='lat' dir='ltr'><strong>enim</strong></span> <span class='ocrx_word' id='word_1_154' title='bbox 2686 2549 2854 2631; x_wconf 76' lang='lat' dir='ltr'><strong>quod</strong></span> 
     </span>
     <span class='ocr_line' id='line_1_21' title="bbox 500 2656 2858 2740; baseline -0 -16"><span class='ocrx_word' id='word_1_155' title='bbox 500 2659 682 2740; x_wconf 88' lang='lat' dir='ltr'><strong>apud</strong></span> <span class='ocrx_word' id='word_1_156' title='bbox 746 2666 1074 2725; x_wconf 89' lang='lat' dir='ltr'><strong>auctorem</strong></span> <span class='ocrx_word' id='word_1_157' title='bbox 1137 2677 1322 2723; x_wconf 87' lang='lat' dir='ltr'><strong>suum</strong></span> <span class='ocrx_word' id='word_1_158' title='bbox 1385 2660 1695 2724; x_wconf 87' lang='lat' dir='ltr'><strong>nonnulla</strong></span> <span class='ocrx_word' id='word_1_159' title='bbox 1758 2658 1955 2723; x_wconf 92' lang='lat' dir='ltr'><strong>simili</strong></span> <span class='ocrx_word' id='word_1_160' title='bbox 2018 2656 2204 2723; x_wconf 91' lang='lat' dir='ltr'><strong>modo</strong></span> <span class='ocrx_word' id='word_1_161' title='bbox 2263 2658 2559 2738; x_wconf 83' lang='lat' dir='ltr'><strong>exposita</strong></span> <span class='ocrx_word' id='word_1_162' title='bbox 2604 2657 2858 2725; x_wconf 81' lang='lat' dir='ltr'><strong>invenit</strong></span> 
     </span>
     <span class='ocr_line' id='line_1_22' title="bbox 502 2764 2857 2846; baseline -0.001 -14"><span class='ocrx_word' id='word_1_163' title='bbox 502 2774 706 2846; x_wconf 87' lang='lat' dir='ltr'><strong>atque</strong></span> <span class='ocrx_word' id='word_1_164' title='bbox 767 2766 831 2829; x_wconf 91' lang='lat' dir='ltr'><strong>in</strong></span> <span class='ocrx_word' id='word_1_165' title='bbox 894 2766 1043 2831; x_wconf 85' lang='lat' dir='ltr'><strong>aliis</strong></span> <span class='ocrx_word' id='word_1_166' title='bbox 1090 2764 1378 2831; x_wconf 80' lang='lat' dir='ltr'><strong>fontibus</strong></span> <span class='ocrx_word' id='word_1_167' title='bbox 1443 2766 1836 2845; x_wconf 78' lang='lat' dir='ltr'><strong>compilatis,</strong></span> <span class='ocrx_word' id='word_1_168' title='bbox 1900 2765 2043 2846; x_wconf 88' lang='lat' dir='ltr'><strong>ipse</strong></span> <span class='ocrx_word' id='word_1_169' title='bbox 2103 2782 2355 2846; x_wconf 84' lang='lat' dir='ltr'><strong>quoque</strong></span> <span class='ocrx_word' id='word_1_170' title='bbox 2404 2781 2857 2844; x_wconf 85' lang='lat' dir='ltr'><strong>nonnunquam</strong></span> 
     </span>
     <span class='ocr_line' id='line_1_23' title="bbox 506 2866 2859 2955; baseline -0.001 -18"><span class='ocrx_word' id='word_1_171' title='bbox 506 2871 773 2937; x_wconf 86' lang='lat' dir='ltr'><strong>easdem</strong></span> <span class='ocrx_word' id='word_1_172' title='bbox 821 2871 1184 2935; x_wconf 87' lang='lat' dir='ltr'><strong>sententias</strong></span> <span class='ocrx_word' id='word_1_173' title='bbox 1231 2872 1499 2936; x_wconf 84' lang='lat' dir='ltr'><strong>iteravit</strong></span> <span class='ocrx_word' id='word_1_174' title='bbox 1543 2868 1607 2954; x_wconf 67' lang='grc' dir='ltr'><strong>(ξ</strong></span> <span class='ocrx_word' id='word_1_175' title='bbox 1656 2870 1741 2932; x_wconf 82' lang='lat'><strong>58</strong></span> <span class='ocrx_word' id='word_1_176' title='bbox 1778 2866 1935 2953; x_wconf 64' lang='grc' dir='ltr'><strong>εξ</strong></span> <span class='ocrx_word' id='word_1_177' title='bbox 1982 2868 2089 2950; x_wconf 91' lang='lat'><strong>60,</strong></span> <span class='ocrx_word' id='word_1_178' title='bbox 2138 2868 2176 2955; x_wconf 65' lang='grc' dir='ltr'>ξ</span> <span class='ocrx_word' id='word_1_179' title='bbox 2227 2870 2492 2951; x_wconf 75' lang='lat'><strong>73=§</strong></span> <span class='ocrx_word' id='word_1_180' title='bbox 2540 2868 2683 2953; x_wconf 86' lang='lat'><strong>56),</strong></span> <span class='ocrx_word' id='word_1_181' title='bbox 2732 2870 2859 2937; x_wconf 81' lang='lat' dir='ltr'><strong>etsi</strong></span> 
     </span>
     <span class='ocr_line' id='line_1_24' title="bbox 500 2975 2861 3057; baseline 0.001 -15"><span class='ocrx_word' id='word_1_182' title='bbox 500 2975 994 3042; x_wconf 79' lang='lat' dir='ltr'><strong>concedendum</strong></span> <span class='ocrx_word' id='word_1_183' title='bbox 1058 2988 1162 3040; x_wconf 86' lang='lat' dir='ltr'><strong>est</strong></span> <span class='ocrx_word' id='word_1_184' title='bbox 1223 2994 1367 3039; x_wconf 87' lang='lat' dir='ltr'><strong>eum</strong></span> <span class='ocrx_word' id='word_1_185' title='bbox 1433 2984 1694 3055; x_wconf 67' lang='lat' dir='ltr'><strong>apertas</strong></span> <span class='ocrx_word' id='word_1_186' title='bbox 1762 2982 2093 3041; x_wconf 85' lang='lat' dir='ltr'><strong>auctorum</strong></span> <span class='ocrx_word' id='word_1_187' title='bbox 2150 2976 2623 3057; x_wconf 82' lang='lat' dir='ltr'><strong>discrepantias</strong></span> <span class='ocrx_word' id='word_1_188' title='bbox 2681 2980 2861 3044; x_wconf 87' lang='lat' dir='ltr'><strong>recte</strong></span> 
     </span>
     <span class='ocr_line' id='line_1_25' title="bbox 515 3080 2859 3164; baseline 0.001 -17"><span class='ocrx_word' id='word_1_189' title='bbox 515 3081 934 3164; x_wconf 86' lang='lat' dir='ltr'><strong>perspexisse</strong></span> <span class='ocrx_word' id='word_1_190' title='bbox 981 3085 1050 3146; x_wconf 87' lang='lat' dir='ltr'><strong>et</strong></span> <span class='ocrx_word' id='word_1_191' title='bbox 1094 3081 1158 3145; x_wconf 90' lang='lat' dir='ltr'><strong>in</strong></span> <span class='ocrx_word' id='word_1_192' title='bbox 1208 3100 1324 3147; x_wconf 83' lang='lat' dir='ltr'><strong>suo</strong></span> <span class='ocrx_word' id='word_1_193' title='bbox 1371 3087 1657 3147; x_wconf 84' lang='lat' dir='ltr'><strong>tractatu</strong></span> <span class='ocrx_word' id='word_1_194' title='bbox 1704 3082 1969 3147; x_wconf 88' lang='lat' dir='ltr'><strong>vitasse.</strong></span> <span class='ocrx_word' id='word_1_195' title='bbox 2064 3080 2182 3147; x_wconf 90' lang='lat' dir='ltr'><strong>Vel</strong></span> <span class='ocrx_word' id='word_1_196' title='bbox 2229 3080 2381 3147; x_wconf 88' lang='lat' dir='ltr'><strong>hinc</strong></span> <span class='ocrx_word' id='word_1_197' title='bbox 2418 3082 2859 3161; x_wconf 77' lang='lat' dir='ltr'><strong>quaestionem</strong></span> 
     </span>
     <span class='ocr_line' id='line_1_26' title="bbox 500 3186 2859 3271; baseline 0 -15"><span class='ocrx_word' id='word_1_198' title='bbox 500 3188 835 3256; x_wconf 76' lang='lat' dir='ltr'><strong>exsistere</strong></span> <span class='ocrx_word' id='word_1_199' title='bbox 897 3197 1083 3268; x_wconf 87' lang='lat' dir='ltr'><strong>puto,</strong></span> <span class='ocrx_word' id='word_1_200' title='bbox 1142 3206 1307 3268; x_wconf 85' lang='lat' dir='ltr'><strong>quae</strong></span> <span class='ocrx_word' id='word_1_201' title='bbox 1367 3189 1534 3254; x_wconf 88' lang='lat' dir='ltr'><strong>ratio</strong></span> <span class='ocrx_word' id='word_1_202' title='bbox 1596 3186 1967 3255; x_wconf 85' lang='lat' dir='ltr'><strong>intercedat</strong></span> <span class='ocrx_word' id='word_1_203' title='bbox 2026 3186 2200 3255; x_wconf 86' lang='lat' dir='ltr'><strong>inter</strong></span> <span class='ocrx_word' id='word_1_204' title='bbox 2246 3206 2357 3255; x_wconf 80' lang='lat' dir='ltr'><strong>eas</strong></span> <span class='ocrx_word' id='word_1_205' title='bbox 2408 3194 2651 3271; x_wconf 86' lang='lat' dir='ltr'><strong>partes,</strong></span> <span class='ocrx_word' id='word_1_206' title='bbox 2700 3207 2859 3271; x_wconf 87' lang='lat' dir='ltr'><strong>quas</strong></span> 
     </span>
     <span class='ocr_line' id='line_1_27' title="bbox 519 3292 2862 3378; baseline 0.001 -16"><span class='ocrx_word' id='word_1_207' title='bbox 519 3295 816 3377; x_wconf 80' lang='lat' dir='ltr'><strong>Apuleio,</strong></span> <span class='ocrx_word' id='word_1_208' title='bbox 893 3304 963 3361; x_wconf 89' lang='lat' dir='ltr'><strong>et</strong></span> <span class='ocrx_word' id='word_1_209' title='bbox 1027 3313 1164 3378; x_wconf 87' lang='lat' dir='ltr'><strong>eas,</strong></span> <span class='ocrx_word' id='word_1_210' title='bbox 1241 3314 1402 3376; x_wconf 87' lang='lat' dir='ltr'><strong>quas</strong></span> <span class='ocrx_word' id='word_1_211' title='bbox 1476 3292 1726 3363; x_wconf 86' lang='lat' dir='ltr'><strong>Galeno</strong></span> <span class='ocrx_word' id='word_1_212' title='bbox 1789 3294 1855 3378; x_wconf 67' lang='grc' dir='ltr'><strong>(ἓ</strong></span> <span class='ocrx_word' id='word_1_213' title='bbox 1921 3292 2211 3375; x_wconf 81' lang='grc'>59-62)</span> <span class='ocrx_word' id='word_1_214' title='bbox 2271 3296 2643 3365; x_wconf 85' lang='lat' dir='ltr'><strong>auctoribus</strong></span> <span class='ocrx_word' id='word_1_215' title='bbox 2704 3298 2862 3365; x_wconf 84' lang='lat' dir='ltr'><strong>assi-</strong></span> 
     </span>
     <span class='ocr_line' id='line_1_28' title="bbox 513 3402 2862 3487; baseline 0.001 -17"><span class='ocrx_word' id='word_1_216' title='bbox 513 3402 875 3487; x_wconf 83' lang='lat' dir='ltr'><strong>gnavimus.</strong></span> <span class='ocrx_word' id='word_1_217' title='bbox 951 3402 1029 3467; x_wconf 90' lang='lat' dir='ltr'><strong>In</strong></span> <span class='ocrx_word' id='word_1_218' title='bbox 1061 3402 1439 3468; x_wconf 86' lang='lat' dir='ltr'><strong>universum</strong></span> <span class='ocrx_word' id='word_1_219' title='bbox 1478 3402 1546 3467; x_wconf 91' lang='lat' dir='ltr'><strong>in</strong></span> <span class='ocrx_word' id='word_1_220' title='bbox 1595 3403 1698 3469; x_wconf 90' lang='lat' dir='ltr'><strong>his</strong></span> <span class='ocrx_word' id='word_1_221' title='bbox 1737 3402 2031 3484; x_wconf 85' lang='lat' dir='ltr'><strong>partibus</strong></span> <span class='ocrx_word' id='word_1_222' title='bbox 2063 3404 2295 3471; x_wconf 86' lang='lat' dir='ltr'><strong>similis</strong></span> <span class='ocrx_word' id='word_1_223' title='bbox 2336 3404 2663 3473; x_wconf 87' lang='lat' dir='ltr'><strong>scribendi</strong></span> <span class='ocrx_word' id='word_1_224' title='bbox 2696 3404 2862 3473; x_wconf 88' lang='lat' dir='ltr'><strong>ratio</strong></span> 
     </span>
     <span class='ocr_line' id='line_1_29' title="bbox 499 3510 2861 3596; baseline 0 -17"><span class='ocrx_word' id='word_1_225' title='bbox 499 3514 920 3593; x_wconf 80' lang='lat' dir='ltr'><strong>observatur,</strong></span> <span class='ocrx_word' id='word_1_226' title='bbox 976 3530 1127 3576; x_wconf 88' lang='lat' dir='ltr'><strong>nam</strong></span> <span class='ocrx_word' id='word_1_227' title='bbox 1187 3515 1255 3577; x_wconf 91' lang='lat' dir='ltr'><strong>et</strong></span> <span class='ocrx_word' id='word_1_228' title='bbox 1302 3510 1592 3579; x_wconf 88' lang='lat' dir='ltr'><strong>Galenus</strong></span> <span class='ocrx_word' id='word_1_229' title='bbox 1657 3518 1728 3578; x_wconf 88' lang='lat' dir='ltr'><strong>et</strong></span> <span class='ocrx_word' id='word_1_230' title='bbox 1776 3512 2087 3595; x_wconf 82' lang='lat' dir='ltr'><strong>Apuleius</strong></span> <span class='ocrx_word' id='word_1_231' title='bbox 2135 3512 2535 3596; x_wconf 84' lang='lat' dir='ltr'><strong>singularum</strong></span> <span class='ocrx_word' id='word_1_232' title='bbox 2582 3513 2861 3593; x_wconf 84' lang='lat' dir='ltr'><strong>partium</strong></span> 
     </span>
     <span class='ocr_line' id='line_1_30' title="bbox 509 3617 2863 3701; baseline 0 -15"><span class='ocrx_word' id='word_1_233' title='bbox 509 3639 700 3687; x_wconf 87' lang='lat' dir='ltr'><strong>usum</strong></span> <span class='ocrx_word' id='word_1_234' title='bbox 733 3626 800 3684; x_wconf 92' lang='lat' dir='ltr'><strong>et</strong></span> <span class='ocrx_word' id='word_1_235' title='bbox 832 3624 1123 3684; x_wconf 87' lang='lat' dir='ltr'><strong>tutamen</strong></span> <span class='ocrx_word' id='word_1_236' title='bbox 1157 3617 1604 3685; x_wconf 87' lang='lat' dir='ltr'><strong>demonstrare</strong></span> <span class='ocrx_word' id='word_1_237' title='bbox 1639 3620 2001 3685; x_wconf 84' lang='lat' dir='ltr'><strong>voluerunt.</strong></span> <span class='ocrx_word' id='word_1_238' title='bbox 2080 3618 2205 3685; x_wconf 86' lang='lat' dir='ltr'><strong>Sed</strong></span> <span class='ocrx_word' id='word_1_239' title='bbox 2241 3619 2539 3701; x_wconf 83' lang='lat' dir='ltr'><strong>quoniam</strong></span> <span class='ocrx_word' id='word_1_240' title='bbox 2574 3618 2863 3688; x_wconf 84' lang='lat' dir='ltr'><strong>Galenus</strong></span> 
     </span>
     <span class='ocr_line' id='line_1_31' title="bbox 511 3725 2865 3811; baseline 0.001 -20"><span class='ocrx_word' id='word_1_241' title='bbox 511 3728 637 3792; x_wconf 90' lang='lat' dir='ltr'><strong>hoc</strong></span> <span class='ocrx_word' id='word_1_242' title='bbox 683 3725 1083 3809; x_wconf 80' lang='lat' dir='ltr'><strong>propositum</strong></span> <span class='ocrx_word' id='word_1_243' title='bbox 1132 3728 1334 3793; x_wconf 85' lang='lat' dir='ltr'><strong>multo</strong></span> <span class='ocrx_word' id='word_1_244' title='bbox 1384 3727 1625 3793; x_wconf 83' lang='lat' dir='ltr'><strong>maiore</strong></span> <span class='ocrx_word' id='word_1_245' title='bbox 1672 3726 1887 3794; x_wconf 88' lang='lat' dir='ltr'><strong>studio</strong></span> <span class='ocrx_word' id='word_1_246' title='bbox 1937 3733 2132 3808; x_wconf 84' lang='lat' dir='ltr'><strong>atque</strong></span> <span class='ocrx_word' id='word_1_247' title='bbox 2180 3726 2411 3795; x_wconf 85' lang='lat' dir='ltr'><strong>ardore</strong></span> <span class='ocrx_word' id='word_1_248' title='bbox 2458 3744 2649 3808; x_wconf 88' lang='lat' dir='ltr'><strong>quam</strong></span> <span class='ocrx_word' id='word_1_249' title='bbox 2695 3730 2865 3811; x_wconf 85' lang='lat' dir='ltr'><strong>Apu·</strong></span> 
     </span>
    </p>

    <p class='ocr_par' dir='ltr' id='par_1_3' title="bbox 415 3830 2869 4453">
     <span class='ocr_line' id='line_1_32' title="bbox 513 3830 2862 3918; baseline 0 -20"><span class='ocrx_word' id='word_1_250' title='bbox 513 3833 682 3899; x_wconf 84' lang='lat' dir='ltr'><strong>leius</strong></span> <span class='ocrx_word' id='word_1_251' title='bbox 728 3841 1110 3914; x_wconf 86' lang='lat' dir='ltr'><strong>persecutus</strong></span> <span class='ocrx_word' id='word_1_252' title='bbox 1158 3842 1280 3915; x_wconf 83' lang='lat' dir='ltr'><strong>est,</strong></span> <span class='ocrx_word' id='word_1_253' title='bbox 1329 3833 1714 3901; x_wconf 88' lang='lat' dir='ltr'><strong>Ambrosius</strong></span> <span class='ocrx_word' id='word_1_254' title='bbox 1763 3853 2015 3917; x_wconf 87' lang='lat' dir='ltr'><strong>quoque</strong></span> <span class='ocrx_word' id='word_1_255' title='bbox 2062 3835 2132 3901; x_wconf 88' lang='lat' dir='ltr'><strong>in</strong></span> <span class='ocrx_word' id='word_1_256' title='bbox 2177 3852 2432 3918; x_wconf 82' lang='lat' dir='ltr'><strong>paragr.</strong></span> <span class='ocrx_word' id='word_1_257' title='bbox 2466 3832 2573 3917; x_wconf 77' lang='lat'><strong>59,</strong></span> <span class='ocrx_word' id='word_1_258' title='bbox 2622 3830 2730 3913; x_wconf 87' lang='grc'><strong>60,</strong></span> <span class='ocrx_word' id='word_1_259' title='bbox 2779 3832 2862 3900; x_wconf 82' lang='grc'><strong>62</strong></span> 
     </span>
     <span class='ocr_line' id='line_1_33' title="bbox 415 3927 2867 4034; baseline 0.002 -31"><span class='ocrx_word' id='word_1_260' title='bbox 415 3927 419 3931; x_wconf 64' lang='grc'><strong>’</strong></span> <span class='ocrx_word' id='word_1_261' title='bbox 507 3938 1000 4023; x_wconf 66' lang='lat' dir='ltr'><strong>(paragraphus</strong></span> <span class='ocrx_word' id='word_1_262' title='bbox 1062 3940 1145 4003; x_wconf 84' lang='lat'><strong>61</strong></span> <span class='ocrx_word' id='word_1_263' title='bbox 1210 3959 1327 4008; x_wconf 89' lang='lat' dir='ltr'><strong>cnr</strong></span> <span class='ocrx_word' id='word_1_264' title='bbox 1373 3942 1761 4023; x_wconf 81' lang='lat' dir='ltr'><strong>excipienda</strong></span> <span class='ocrx_word' id='word_1_265' title='bbox 1803 3943 1906 4034; x_wconf 27' lang='lat' dir='ltr'><strong>,sit</strong></span> <span class='ocrx_word' id='word_1_266' title='bbox 1967 3960 2163 4023; x_wconf 84' lang='lat' dir='ltr'><strong>supra</strong></span> <span class='ocrx_word' id='word_1_267' title='bbox 2209 3942 2517 4023; x_wconf 85' lang='lat' dir='ltr'><strong>vidimus)</strong></span> <span class='ocrx_word' id='word_1_268' title='bbox 2558 3941 2621 4008; x_wconf 91' lang='lat' dir='ltr'><strong>id</strong></span> <span class='ocrx_word' id='word_1_269' title='bbox 2674 3960 2867 4009; x_wconf 88' lang='lat' dir='ltr'><strong>unum</strong></span> 
     </span>
     <span class='ocr_line' id='line_1_34' title="bbox 513 4048 2867 4133; baseline 0.001 -19"><span class='ocrx_word' id='word_1_270' title='bbox 513 4054 795 4130; x_wconf 84' lang='lat' dir='ltr'><strong>spectat,</strong></span> <span class='ocrx_word' id='word_1_271' title='bbox 844 4056 918 4113; x_wconf 88' lang='lat' dir='ltr'><strong>ut</strong></span> <span class='ocrx_word' id='word_1_272' title='bbox 962 4049 1288 4113; x_wconf 82' lang='lat' dir='ltr'><strong>oculorum</strong></span> <span class='ocrx_word' id='word_1_273' title='bbox 1337 4054 1405 4113; x_wconf 88' lang='lat' dir='ltr'><strong>et</strong></span> <span class='ocrx_word' id='word_1_274' title='bbox 1451 4049 1701 4115; x_wconf 89' lang='lat' dir='ltr'><strong>aurium</strong></span> <span class='ocrx_word' id='word_1_275' title='bbox 1747 4048 2033 4116; x_wconf 88' lang='lat' dir='ltr'><strong>indolem</strong></span> <span class='ocrx_word' id='word_1_276' title='bbox 2070 4068 2152 4115; x_wconf 83' lang='lat' dir='ltr'><strong>ex</strong></span> <span class='ocrx_word' id='word_1_277' title='bbox 2184 4049 2357 4115; x_wconf 90' lang='lat' dir='ltr'><strong>omni</strong></span> <span class='ocrx_word' id='word_1_278' title='bbox 2392 4056 2575 4129; x_wconf 86' lang='lat' dir='ltr'><strong>parte</strong></span> <span class='ocrx_word' id='word_1_279' title='bbox 2609 4048 2867 4133; x_wconf 85' lang='lat' dir='ltr'><strong>aptissi-</strong></span> 
     </span>
     <span class='ocr_line' id='line_1_35' title="bbox 507 4153 2868 4238; baseline 0.002 -17"><span class='ocrx_word' id='word_1_280' title='bbox 507 4173 689 4221; x_wconf 78' lang='lat' dir='ltr'><strong>mam</strong></span> <span class='ocrx_word' id='word_1_281' title='bbox 749 4153 1070 4223; x_wconf 79' lang='lat' dir='ltr'><strong>ostendat.</strong></span> <span class='ocrx_word' id='word_1_282' title='bbox 1172 4154 1356 4238; x_wconf 79' lang='lat' dir='ltr'><strong>Quae</strong></span> <span class='ocrx_word' id='word_1_283' title='bbox 1418 4155 1745 4223; x_wconf 86' lang='lat' dir='ltr'><strong>scribendi</strong></span> <span class='ocrx_word' id='word_1_284' title='bbox 1807 4158 1976 4224; x_wconf 88' lang='lat' dir='ltr'><strong>ratio</strong></span> <span class='ocrx_word' id='word_1_285' title='bbox 2035 4163 2171 4223; x_wconf 88' lang='lat' dir='ltr'><strong>tam</strong></span> <span class='ocrx_word' id='word_1_286' title='bbox 2240 4173 2553 4238; x_wconf 84' lang='lat' dir='ltr'><strong>expressa</strong></span> <span class='ocrx_word' id='word_1_287' title='bbox 2612 4164 2681 4225; x_wconf 84' lang='lat' dir='ltr'><strong>et</strong></span> <span class='ocrx_word' id='word_1_288' title='bbox 2740 4157 2868 4225; x_wconf 83' lang='lat' dir='ltr'><strong>dis·</strong></span> 
     </span>
     <span class='ocr_line' id='line_1_36' title="bbox 507 4260 2867 4345; baseline 0.002 -16"><span class='ocrx_word' id='word_1_289' title='bbox 507 4263 725 4329; x_wconf 67' lang='lat' dir='ltr'><strong>fincta</strong></span> <span class='ocrx_word' id='word_1_290' title='bbox 800 4261 869 4326; x_wconf 90' lang='lat' dir='ltr'><strong>in</strong></span> <span class='ocrx_word' id='word_1_291' title='bbox 943 4260 1328 4343; x_wconf 83' lang='lat' dir='ltr'><strong>Apuleianis</strong></span> <span class='ocrx_word' id='word_1_292' title='bbox 1402 4264 1700 4345; x_wconf 83' lang='lat' dir='ltr'><strong>partibus</strong></span> <span class='ocrx_word' id='word_1_293' title='bbox 1770 4282 2099 4345; x_wconf 78' lang='lat' dir='ltr'><strong>nunquam</strong></span> <span class='ocrx_word' id='word_1_294' title='bbox 2160 4264 2456 4331; x_wconf 79' lang='lat' dir='ltr'><strong>occurrit.</strong></span> <span class='ocrx_word' id='word_1_295' title='bbox 2522 4298 2609 4311; x_wconf 89' lang='lat'>—</span> <span class='ocrx_word' id='word_1_296' title='bbox 2670 4264 2867 4333; x_wconf 76' lang='lat' dir='ltr'><strong>Aliud</strong></span> 
     </span>
     <span class='ocr_line' id='line_1_37' title="bbox 501 4369 2869 4453; baseline 0.002 -18"><span class='ocrx_word' id='word_1_297' title='bbox 501 4369 867 4435; x_wconf 75' lang='lat' dir='ltr'><strong>discrimen</strong></span> <span class='ocrx_word' id='word_1_298' title='bbox 912 4386 1042 4435; x_wconf 88' lang='lat' dir='ltr'><strong>non</strong></span> <span class='ocrx_word' id='word_1_299' title='bbox 1098 4369 1310 4434; x_wconf 89' lang='lat' dir='ltr'><strong>minus</strong></span> <span class='ocrx_word' id='word_1_300' title='bbox 1356 4369 1614 4453; x_wconf 84' lang='lat' dir='ltr'><strong>insigne</strong></span> <span class='ocrx_word' id='word_1_301' title='bbox 1659 4372 1728 4436; x_wconf 91' lang='lat' dir='ltr'><strong>in</strong></span> <span class='ocrx_word' id='word_1_302' title='bbox 1773 4372 1937 4453; x_wconf 89' lang='lat' dir='ltr'><strong>ipsis</strong></span> <span class='ocrx_word' id='word_1_303' title='bbox 1985 4372 2349 4453; x_wconf 68' lang='lat' dir='ltr'><strong>praeceptis</strong></span> <span class='ocrx_word' id='word_1_304' title='bbox 2396 4371 2739 4440; x_wconf 81' lang='lat' dir='ltr'><strong>Ambrosio</strong></span> <span class='ocrx_word' id='word_1_305' title='bbox 2786 4374 2869 4441; x_wconf 84' lang='lat' dir='ltr'><strong>ab</strong></span> 
     </span>
    </p>
   </div>
  </div>
 </body>
</html>
