<?xml version="1.0" encoding="UTF-8"?>
<!DOCTYPE html PUBLIC "-//W3C//DTD XHTML 1.0 Transitional//EN"
    "http://www.w3.org/TR/xhtml1/DTD/xhtml1-transitional.dtd">
<html xmlns="http://www.w3.org/1999/xhtml" xml:lang="en" lang="en">
 <head>
  <title>
</title>
<meta http-equiv="Content-Type" content="text/html;charset=utf-8" />
  <meta name='ocr-system' content='tesseract 3.04.00' />
  <meta name='ocr-capabilities' content='ocr_page ocr_carea ocr_par ocr_line ocrx_word'/>
</head>
<body>
  <div class='ocr_page' id='page_1' title='image "./quibusexfontibu00gossgoog_0039.png"; bbox 0 0 3425 5167; ppageno 0'>
   <div class='ocr_carea' id='block_1_1' title="bbox 1455 479 1901 543">
    <p class='ocr_par' dir='ltr' id='par_1_1' title="bbox 1455 479 1901 543">
     <span class='ocr_line' id='line_1_1' title="bbox 1455 479 1901 543; baseline -0.002 -17"><span class='ocrx_word' id='word_1_1' title='bbox 1455 479 1901 543; x_wconf 41' lang='lat'>*37—</span> 
     </span>
    </p>
   </div>
   <div class='ocr_carea' id='block_1_2' title="bbox 468 650 2859 2989">
    <p class='ocr_par' dir='ltr' id='par_1_2' title="bbox 468 650 2859 2989">
     <span class='ocr_line' id='line_1_2' title="bbox 501 650 2858 746; baseline -0 -26"><span class='ocrx_word' id='word_1_2' title='bbox 501 660 860 743; x_wconf 63' lang='lat' dir='ltr'>npoo‘doxcqc</span> <span class='ocrx_word' id='word_1_3' title='bbox 905 661 1014 722; x_wconf 84' lang='grc' dir='ltr'>καὶ</span> <span class='ocrx_word' id='word_1_4' title='bbox 1060 664 1140 746; x_wconf 79' lang='grc' dir='ltr'>τῇ</span> <span class='ocrx_word' id='word_1_5' title='bbox 1184 670 1298 723; x_wconf 71' lang='grc' dir='ltr'>τοῦ</span> <span class='ocrx_word' id='word_1_6' title='bbox 1347 664 1567 738; x_wconf 72' lang='grc' dir='ltr'><strong><em>θυμοῦ</em></strong></span> <span class='ocrx_word' id='word_1_7' title='bbox 1617 656 1881 741; x_wconf 82' lang='grc' dir='ltr'><strong><em>έγέρσει,</em></strong></span> <span class='ocrx_word' id='word_1_8' title='bbox 1941 660 2541 741; x_wconf 79' lang='grc' dir='ltr'><strong><em>προγιγνώσκοντες,</em></strong></span> <span class='ocrx_word' id='word_1_9' title='bbox 2602 650 2703 720; x_wconf 83' lang='grc' dir='ltr'>ὅτι</span> <span class='ocrx_word' id='word_1_10' title='bbox 2749 652 2858 720; x_wconf 78' lang='grc' dir='ltr'><strong><em>διὰ</em></strong></span> 
     </span>
     <span class='ocr_line' id='line_1_3' title="bbox 499 760 2854 889; baseline -0 -61"><span class='ocrx_word' id='word_1_11' title='bbox 499 760 707 851; x_wconf 80' lang='grc' dir='ltr'><strong><em>πυρὸς</em></strong></span> <span class='ocrx_word' id='word_1_12' title='bbox 776 765 813 889; x_wconf 60' lang='grc' dir='ltr'>ἡι</span> <span class='ocrx_word' id='word_1_13' title='bbox 859 770 1127 855; x_wconf 81' lang='grc' dir='ltr'><strong><em>τοιαύτη</em></strong></span> <span class='ocrx_word' id='word_1_14' title='bbox 1188 769 1369 829; x_wconf 84' lang='grc' dir='ltr'><strong><em>πᾶσα</em></strong></span> <span class='ocrx_word' id='word_1_15' title='bbox 1429 762 1692 841; x_wconf 82' lang='grc' dir='ltr'><strong><em>ἔμελλεν</em></strong></span> <span class='ocrx_word' id='word_1_16' title='bbox 1740 763 1976 850; x_wconf 76' lang='grc' dir='ltr'><strong><em>οἴδησις</em></strong></span> <span class='ocrx_word' id='word_1_17' title='bbox 2030 767 2371 845; x_wconf 78' lang='grc' dir='ltr'><strong><em>γίγνεσθαι</em></strong></span> <span class='ocrx_word' id='word_1_18' title='bbox 2423 774 2551 826; x_wconf 85' lang='grc' dir='ltr'><strong><em>τῶν</em></strong></span> <span class='ocrx_word' id='word_1_19' title='bbox 2606 767 2854 844; x_wconf 75' lang='grc' dir='ltr'><strong><em>θυμου-</em></strong></span> 
     </span>
     <span class='ocr_line' id='line_1_4' title="bbox 496 866 2855 959; baseline -0.001 -23"><span class='ocrx_word' id='word_1_20' title='bbox 496 876 729 953; x_wconf 84' lang='grc' dir='ltr'><strong><em>μένων,</em></strong></span> <span class='ocrx_word' id='word_1_21' title='bbox 780 868 1165 955; x_wconf 81' lang='grc' dir='ltr'><strong><em>ἐπικουρίαν</em></strong></span> <span class='ocrx_word' id='word_1_22' title='bbox 1215 874 1382 959; x_wconf 82' lang='grc' dir='ltr'><strong><em>αὐτῇ</em></strong></span> <span class='ocrx_word' id='word_1_23' title='bbox 1424 873 1878 958; x_wconf 83' lang='grc' dir='ltr'><strong><em>μηχανώμενοι</em></strong></span> <span class='ocrx_word' id='word_1_24' title='bbox 1935 870 2053 959; x_wconf 82' lang='grc' dir='ltr'><strong><em>τὴν</em></strong></span> <span class='ocrx_word' id='word_1_25' title='bbox 2096 874 2215 935; x_wconf 87' lang='grc' dir='ltr'>τοῦ</span> <span class='ocrx_word' id='word_1_26' title='bbox 2262 866 2626 952; x_wconf 52' lang='grc' dir='ltr'><strong><em>πλεύμονος·</em></strong></span> <span class='ocrx_word' id='word_1_27' title='bbox 2670 869 2855 936; x_wconf 78' lang='grc' dir='ltr'><strong><em>ἰδέαν</em></strong></span> 
     </span>
     <span class='ocr_line' id='line_1_5' title="bbox 501 970 2859 1067; baseline 0 -25"><span class='ocrx_word' id='word_1_28' title='bbox 501 972 940 1063; x_wconf 78' lang='grc' dir='ltr'><strong><em>ενεφύτευσαν</em></strong></span> <span class='ocrx_word' id='word_1_29' title='bbox 998 989 1258 1064; x_wconf 82' lang='grc' dir='ltr'><strong><em>πρῶτον</em></strong></span> <span class='ocrx_word' id='word_1_30' title='bbox 1303 978 1427 1059; x_wconf 78' lang='grc' dir='ltr'>μὲν</span> <span class='ocrx_word' id='word_1_31' title='bbox 1487 978 1786 1067; x_wconf 85' lang='grc' dir='ltr'><strong><em>μαλακὴν</em></strong></span> <span class='ocrx_word' id='word_1_32' title='bbox 1845 979 1954 1041; x_wconf 82' lang='grc' dir='ltr'>καὶ</span> <span class='ocrx_word' id='word_1_33' title='bbox 2000 975 2300 1061; x_wconf 80' lang='grc' dir='ltr'><strong><em>ἄναιμον,</em></strong></span> <span class='ocrx_word' id='word_1_34' title='bbox 2359 970 2498 1042; x_wconf 82' lang='grc' dir='ltr'><strong><em>εἶτα</em></strong></span> <span class='ocrx_word' id='word_1_35' title='bbox 2547 980 2859 1066; x_wconf 78' lang='grc' dir='ltr'><em>σήραγγας</em></span> 
     </span>
     <span class='ocr_line' id='line_1_6' title="bbox 497 1076 2855 1171; baseline 0 -23"><span class='ocrx_word' id='word_1_36' title='bbox 497 1107 678 1157; x_wconf 73' lang='grc' dir='ltr'><strong><em>ἃντος</em></strong></span> <span class='ocrx_word' id='word_1_37' title='bbox 725 1082 996 1165; x_wconf 72' lang='grc' dir='ltr'><strong><em>ἔχουσαν</em></strong></span> <span class='ocrx_word' id='word_1_38' title='bbox 1046 1076 1185 1150; x_wconf 67' lang='grc' dir='ltr'>Οἷον</span> <span class='ocrx_word' id='word_1_39' title='bbox 1232 1084 1524 1166; x_wconf 74' lang='grc' dir='ltr'>σπόγγου</span> <span class='ocrx_word' id='word_1_40' title='bbox 1571 1090 2150 1171; x_wconf 74' lang='grc' dir='ltr'><strong><em>κατατετρημένας,</em></strong></span> <span class='ocrx_word' id='word_1_41' title='bbox 2198 1084 2307 1148; x_wconf 61' lang='grc' dir='ltr'>ἱνα</span> <span class='ocrx_word' id='word_1_42' title='bbox 2353 1108 2424 1146; x_wconf 81' lang='grc' dir='ltr'>το</span> <span class='ocrx_word' id='word_1_43' title='bbox 2472 1106 2546 1148; x_wconf 79' lang='grc' dir='ltr'>τε</span> <span class='ocrx_word' id='word_1_44' title='bbox 2588 1089 2855 1166; x_wconf 68' lang='grc' dir='ltr'><strong><em>πνὲἷμα</em></strong></span> 
     </span>
     <span class='ocr_line' id='line_1_7' title="bbox 495 1185 2858 1280; baseline 0 -26"><span class='ocrx_word' id='word_1_45' title='bbox 495 1215 603 1257; x_wconf 87' lang='grc' dir='ltr'>και</span> <span class='ocrx_word' id='word_1_46' title='bbox 660 1188 731 1255; x_wconf 81' lang='grc' dir='ltr'>τὸ</span> <span class='ocrx_word' id='word_1_47' title='bbox 796 1189 982 1274; x_wconf 83' lang='grc' dir='ltr'><strong><em>πόμα</em></strong></span> <span class='ocrx_word' id='word_1_48' title='bbox 1037 1194 1372 1277; x_wconf 81' lang='grc' dir='ltr'><strong><em>δεχομένη,</em></strong></span> <span class='ocrx_word' id='word_1_49' title='bbox 1443 1200 1763 1279; x_wconf 79' lang='grc' dir='ltr'><strong><em>ψύχουσα,</em></strong></span> <span class='ocrx_word' id='word_1_50' title='bbox 1824 1188 2167 1280; x_wconf 82' lang='grc' dir='ltr'><strong><em>αναπονὴν</em></strong></span> <span class='ocrx_word' id='word_1_51' title='bbox 2226 1192 2335 1254; x_wconf 84' lang='grc' dir='ltr'>καὶ</span> <span class='ocrx_word' id='word_1_52' title='bbox 2391 1186 2724 1276; x_wconf 81' lang='grc' dir='ltr'><strong><em>ῥᾳστώνην</em></strong></span> <span class='ocrx_word' id='word_1_53' title='bbox 2781 1185 2858 1255; x_wconf 71' lang='grc' dir='ltr'><strong><em>ἓν</em></strong></span> 
     </span>
     <span class='ocr_line' id='line_1_8' title="bbox 500 1300 2853 1393; baseline 0.001 -30"><span class='ocrx_word' id='word_1_54' title='bbox 500 1304 588 1387; x_wconf 77' lang='grc' dir='ltr'>τῷ</span> <span class='ocrx_word' id='word_1_55' title='bbox 635 1305 921 1381; x_wconf 80' lang='grc' dir='ltr'><strong><em>καύματι</em></strong></span> <span class='ocrx_word' id='word_1_56' title='bbox 967 1305 1260 1385; x_wconf 82' lang='grc' dir='ltr'><strong><em>παρέχοι.</em></strong></span> <span class='ocrx_word' id='word_1_57' title='bbox 1354 1301 1559 1384; x_wconf 83' lang='lat' dir='ltr'><strong>Quem</strong></span> <span class='ocrx_word' id='word_1_58' title='bbox 1593 1303 1801 1366; x_wconf 88' lang='lat' dir='ltr'>locum</span> <span class='ocrx_word' id='word_1_59' title='bbox 1836 1302 2153 1381; x_wconf 88' lang='lat' dir='ltr'>Apuleius</span> <span class='ocrx_word' id='word_1_60' title='bbox 2186 1300 2377 1366; x_wconf 86' lang='lat' dir='ltr'>valde</span> <span class='ocrx_word' id='word_1_61' title='bbox 2409 1300 2478 1364; x_wconf 91' lang='lat' dir='ltr'>in</span> <span class='ocrx_word' id='word_1_62' title='bbox 2510 1301 2853 1393; x_wconf 86' lang='lat' dir='ltr'>angustius</span> 
     </span>
     <span class='ocr_line' id='line_1_9' title="bbox 492 1407 2853 1490; baseline -0.001 -16"><span class='ocrx_word' id='word_1_63' title='bbox 492 1415 782 1475; x_wconf 88' lang='lat' dir='ltr'>coactum</span> <span class='ocrx_word' id='word_1_64' title='bbox 848 1410 970 1473; x_wconf 91' lang='lat' dir='ltr'>hoc</span> <span class='ocrx_word' id='word_1_65' title='bbox 1041 1408 1225 1473; x_wconf 88' lang='lat' dir='ltr'>modo</span> <span class='ocrx_word' id='word_1_66' title='bbox 1281 1409 1499 1473; x_wconf 86' lang='lat' dir='ltr'>reddit</span> <span class='ocrx_word' id='word_1_67' title='bbox 1573 1410 1648 1487; x_wconf 91' lang='lat' dir='ltr'>(c.</span> <span class='ocrx_word' id='word_1_68' title='bbox 1705 1408 1885 1490; x_wconf 89' lang='lat' dir='ltr'><strong>XV):</strong></span> <span class='ocrx_word' id='word_1_69' title='bbox 1976 1407 2347 1490; x_wconf 74' lang='lat' dir='ltr'>„pulmones</span> <span class='ocrx_word' id='word_1_70' title='bbox 2406 1407 2545 1473; x_wconf 88' lang='lat' dir='ltr'>loeo</span> <span class='ocrx_word' id='word_1_71' title='bbox 2610 1425 2686 1471; x_wconf 83' lang='lat' dir='ltr'>ac</span> <span class='ocrx_word' id='word_1_72' title='bbox 2750 1408 2853 1472; x_wconf 88' lang='lat' dir='ltr'>sui</span> 
     </span>
     <span class='ocr_line' id='line_1_10' title="bbox 491 1513 2851 1598; baseline -0.001 -17"><span class='ocrx_word' id='word_1_73' title='bbox 491 1536 736 1598; x_wconf 82' lang='lat' dir='ltr'>genere</span> <span class='ocrx_word' id='word_1_74' title='bbox 783 1516 959 1581; x_wconf 83' lang='lat' dir='ltr'>cordi</span> <span class='ocrx_word' id='word_1_75' title='bbox 996 1517 1333 1595; x_wconf 87' lang='lat' dir='ltr'>plurimum</span> <span class='ocrx_word' id='word_1_76' title='bbox 1371 1516 1731 1598; x_wconf 88' lang='lat' dir='ltr'>consulunt,</span> <span class='ocrx_word' id='word_1_77' title='bbox 1784 1534 1944 1579; x_wconf 87' lang='lat' dir='ltr'>cum</span> <span class='ocrx_word' id='word_1_78' title='bbox 1994 1514 2445 1579; x_wconf 82' lang='lat' dir='ltr'>exardescit</span> <span class='ocrx_word' id='word_1_79' title='bbox 2489 1514 2607 1579; x_wconf 87' lang='lat' dir='ltr'>ira</span> <span class='ocrx_word' id='word_1_80' title='bbox 2653 1513 2851 1594; x_wconf 90' lang='lat' dir='ltr'>trepi-</span> 
     </span>
     <span class='ocr_line' id='line_1_11' title="bbox 491 1620 2851 1702; baseline 0 -17"><span class='ocrx_word' id='word_1_81' title='bbox 491 1624 781 1702; x_wconf 83' lang='lat' dir='ltr'>dansque</span> <span class='ocrx_word' id='word_1_82' title='bbox 844 1624 1263 1687; x_wconf 81' lang='lat' dir='ltr'>celerioribus</span> <span class='ocrx_word' id='word_1_83' title='bbox 1331 1622 1610 1688; x_wconf 87' lang='lat' dir='ltr'>motibus</span> <span class='ocrx_word' id='word_1_84' title='bbox 1692 1631 1922 1688; x_wconf 83' lang='lat' dir='ltr'>vertex</span> <span class='ocrx_word' id='word_1_85' title='bbox 1986 1621 2197 1687; x_wconf 88' lang='lat' dir='ltr'>cordis</span> <span class='ocrx_word' id='word_1_86' title='bbox 2262 1621 2467 1700; x_wconf 90' lang='lat' dir='ltr'>ipsius</span> <span class='ocrx_word' id='word_1_87' title='bbox 2531 1620 2851 1686; x_wconf 88' lang='lat' dir='ltr'>madens</span> 
     </span>
     <span class='ocr_line' id='line_1_12' title="bbox 492 1727 2843 1811; baseline -0.001 -16"><span class='ocrx_word' id='word_1_88' title='bbox 492 1731 889 1811; x_wconf 84' lang='lat' dir='ltr'>sanguine</span> <span class='ocrx_word' id='word_1_89' title='bbox 966 1731 1399 1809; x_wconf 80' lang='lat' dir='ltr'>pulmonum</span> <span class='ocrx_word' id='word_1_90' title='bbox 1480 1730 1802 1810; x_wconf 79' lang='lat' dir='ltr'>excipitur</span> <span class='ocrx_word' id='word_1_91' title='bbox 1881 1728 2249 1810; x_wconf 84' lang='lat' dir='ltr'>mollitia,</span> <span class='ocrx_word' id='word_1_92' title='bbox 2328 1727 2455 1805; x_wconf 87' lang='lat' dir='ltr'>siti,</span> <span class='ocrx_word' id='word_1_93' title='bbox 2540 1727 2843 1810; x_wconf 76' lang='lat' dir='ltr'>frigore.“</span> 
     </span>
     <span class='ocr_line' id='line_1_13' title="bbox 493 1835 2847 1917; baseline -0 -16"><span class='ocrx_word' id='word_1_94' title='bbox 493 1838 876 1901; x_wconf 80' lang='lat' dir='ltr'>Ambrosius</span> <span class='ocrx_word' id='word_1_95' title='bbox 922 1837 1367 1917; x_wconf 82' lang='lat' dir='ltr'>interrogandi</span> <span class='ocrx_word' id='word_1_96' title='bbox 1403 1836 1870 1901; x_wconf 81' lang='lat' dir='ltr'>enuntiatione</span> <span class='ocrx_word' id='word_1_97' title='bbox 1930 1854 2085 1911; x_wconf 88' lang='lat' dir='ltr'>usus</span> <span class='ocrx_word' id='word_1_98' title='bbox 2132 1835 2406 1901; x_wconf 89' lang='lat' dir='ltr'>eandem</span> <span class='ocrx_word' id='word_1_99' title='bbox 2452 1836 2847 1901; x_wconf 81' lang='lat' dir='ltr'>sententiam</span> 
     </span>
     <span class='ocr_line' id='line_1_14' title="bbox 490 1942 2847 2026; baseline -0 -19"><span class='ocrx_word' id='word_1_100' title='bbox 490 1945 611 2009; x_wconf 90' lang='lat' dir='ltr'>hoe</span> <span class='ocrx_word' id='word_1_101' title='bbox 659 1944 844 2008; x_wconf 89' lang='lat' dir='ltr'>modo</span> <span class='ocrx_word' id='word_1_102' title='bbox 893 1945 1220 2024; x_wconf 79' lang='lat' dir='ltr'>exprimit:</span> <span class='ocrx_word' id='word_1_103' title='bbox 1277 1943 1484 2026; x_wconf 75' lang='lat' dir='ltr'>„Quid</span> <span class='ocrx_word' id='word_1_104' title='bbox 1532 1949 1664 2008; x_wconf 87' lang='lat' dir='ltr'>tam</span> <span class='ocrx_word' id='word_1_105' title='bbox 1703 1944 2011 2025; x_wconf 86' lang='lat' dir='ltr'>salutare,</span> <span class='ocrx_word' id='word_1_106' title='bbox 2061 1960 2251 2021; x_wconf 88' lang='lat' dir='ltr'>quam</span> <span class='ocrx_word' id='word_1_107' title='bbox 2299 1949 2370 2007; x_wconf 87' lang='lat' dir='ltr'>ut</span> <span class='ocrx_word' id='word_1_108' title='bbox 2406 1942 2620 2023; x_wconf 88' lang='lat' dir='ltr'>pulmo</span> <span class='ocrx_word' id='word_1_109' title='bbox 2668 1942 2847 2007; x_wconf 86' lang='lat' dir='ltr'>cordi</span> 
     </span>
     <span class='ocr_line' id='line_1_15' title="bbox 468 2045 2848 2135; baseline 0 -20"><span class='ocrx_word' id='word_1_110' title='bbox 468 2045 766 2116; x_wconf 52' lang='lat' dir='ltr'>‘finitimo</span> <span class='ocrx_word' id='word_1_111' title='bbox 827 2051 1033 2115; x_wconf 89' lang='lat' dir='ltr'>limite</span> <span class='ocrx_word' id='word_1_112' title='bbox 1076 2051 1508 2132; x_wconf 81' lang='lat' dir='ltr'>iungeretur,</span> <span class='ocrx_word' id='word_1_113' title='bbox 1547 2058 1639 2131; x_wconf 80' lang='lat' dir='ltr'>nt,</span> <span class='ocrx_word' id='word_1_114' title='bbox 1680 2069 1876 2115; x_wconf 80' lang='lat' dir='ltr'>cum</span> <span class='ocrx_word' id='word_1_115' title='bbox 1948 2049 2349 2115; x_wconf 83' lang='lat' dir='ltr'>exarserit</span> <span class='ocrx_word' id='word_1_116' title='bbox 2410 2067 2541 2114; x_wconf 93' lang='lat' dir='ltr'>cor</span> <span class='ocrx_word' id='word_1_117' title='bbox 2598 2050 2717 2135; x_wconf 85' lang='lat' dir='ltr'>ira</span> <span class='ocrx_word' id='word_1_118' title='bbox 2779 2056 2848 2115; x_wconf 92' lang='lat' dir='ltr'>et</span> 
     </span>
     <span class='ocr_line' id='line_1_16' title="bbox 488 2158 2844 2241; baseline 0 -19"><span class='ocrx_word' id='word_1_119' title='bbox 488 2158 955 2241; x_wconf 84' lang='lat' dir='ltr'>indignatione,</span> <span class='ocrx_word' id='word_1_120' title='bbox 1006 2159 1410 2240; x_wconf 83' lang='lat' dir='ltr'>pulmonis</span> <span class='ocrx_word' id='word_1_121' title='bbox 1447 2159 1842 2240; x_wconf 82' lang='lat' dir='ltr'>sanguine</span> <span class='ocrx_word' id='word_1_122' title='bbox 1889 2165 2082 2238; x_wconf 88' lang='lat' dir='ltr'>atque</span> <span class='ocrx_word' id='word_1_123' title='bbox 2124 2176 2344 2223; x_wconf 90' lang='lat' dir='ltr'>umore</span> <span class='ocrx_word' id='word_1_124' title='bbox 2376 2158 2567 2222; x_wconf 87' lang='lat' dir='ltr'>citius</span> <span class='ocrx_word' id='word_1_125' title='bbox 2599 2162 2844 2238; x_wconf 89' lang='lat' dir='ltr'>tempe-</span> 
     </span>
     <span class='ocr_line' id='line_1_17' title="bbox 485 2264 2841 2346; baseline 0 -17"><span class='ocrx_word' id='word_1_126' title='bbox 485 2264 712 2330; x_wconf 79' lang='lat' dir='ltr'>retur?</span> <span class='ocrx_word' id='word_1_127' title='bbox 765 2266 1041 2346; x_wconf 90' lang='lat' dir='ltr'>ideoque</span> <span class='ocrx_word' id='word_1_128' title='bbox 1103 2271 1171 2331; x_wconf 92' lang='lat' dir='ltr'>et</span> <span class='ocrx_word' id='word_1_129' title='bbox 1226 2266 1481 2329; x_wconf 92' lang='lat' dir='ltr'>mollis</span> <span class='ocrx_word' id='word_1_130' title='bbox 1535 2266 1794 2345; x_wconf 90' lang='lat' dir='ltr'>pulmo</span> <span class='ocrx_word' id='word_1_131' title='bbox 1851 2272 1977 2346; x_wconf 86' lang='lat' dir='ltr'>est,</span> <span class='ocrx_word' id='word_1_132' title='bbox 2036 2266 2185 2345; x_wconf 85' lang='lat' dir='ltr'>quia</span> <span class='ocrx_word' id='word_1_133' title='bbox 2241 2266 2503 2329; x_wconf 87' lang='lat' dir='ltr'>madet</span> <span class='ocrx_word' id='word_1_134' title='bbox 2562 2276 2841 2346; x_wconf 84' lang='lat' dir='ltr'>semper,</span> 
     </span>
     <span class='ocr_line' id='line_1_18' title="bbox 486 2371 2840 2458; baseline -0 -21"><span class='ocrx_word' id='word_1_135' title='bbox 486 2372 673 2437; x_wconf 92' lang='lat' dir='ltr'>simul</span> <span class='ocrx_word' id='word_1_136' title='bbox 708 2379 782 2438; x_wconf 90' lang='lat' dir='ltr'>ut</span> <span class='ocrx_word' id='word_1_137' title='bbox 813 2374 1094 2453; x_wconf 85' lang='lat' dir='ltr'>rigorem</span> <span class='ocrx_word' id='word_1_138' title='bbox 1125 2372 1598 2453; x_wconf 83' lang='lat' dir='ltr'>indignationis</span> <span class='ocrx_word' id='word_1_139' title='bbox 1631 2371 1973 2438; x_wconf 86' lang='lat' dir='ltr'>emolliat.“</span> <span class='ocrx_word' id='word_1_140' title='bbox 2063 2371 2373 2437; x_wconf 87' lang='lat' dir='ltr'>Videmus</span> <span class='ocrx_word' id='word_1_141' title='bbox 2408 2374 2840 2458; x_wconf 80' lang='lat' dir='ltr'>Ambrosium,</span> 
     </span>
     <span class='ocr_line' id='line_1_19' title="bbox 485 2479 2840 2562; baseline 0.001 -19"><span class='ocrx_word' id='word_1_142' title='bbox 485 2498 627 2544; x_wconf 88' lang='lat' dir='ltr'>cum</span> <span class='ocrx_word' id='word_1_143' title='bbox 676 2485 941 2545; x_wconf 84' lang='lat' dir='ltr'>censeat</span> <span class='ocrx_word' id='word_1_144' title='bbox 988 2500 1096 2545; x_wconf 85' lang='lat' dir='ltr'>eor</span> <span class='ocrx_word' id='word_1_145' title='bbox 1136 2480 1370 2544; x_wconf 81' lang='lat' dir='ltr'>iratum</span> <span class='ocrx_word' id='word_1_146' title='bbox 1411 2480 1821 2560; x_wconf 83' lang='lat' dir='ltr'>pulmonibus</span> <span class='ocrx_word' id='word_1_147' title='bbox 1868 2479 2239 2562; x_wconf 88' lang='lat' dir='ltr'>temperari,</span> <span class='ocrx_word' id='word_1_148' title='bbox 2287 2479 2352 2543; x_wconf 91' lang='lat' dir='ltr'>in</span> <span class='ocrx_word' id='word_1_149' title='bbox 2394 2497 2467 2544; x_wconf 91' lang='lat' dir='ltr'>re</span> <span class='ocrx_word' id='word_1_150' title='bbox 2499 2479 2840 2559; x_wconf 88' lang='lat' dir='ltr'>principali</span> 
     </span>
     <span class='ocr_line' id='line_1_20' title="bbox 484 2587 2842 2669; baseline 0.001 -18"><span class='ocrx_word' id='word_1_151' title='bbox 484 2604 627 2651; x_wconf 88' lang='lat' dir='ltr'>cum</span> <span class='ocrx_word' id='word_1_152' title='bbox 659 2588 930 2651; x_wconf 86' lang='lat' dir='ltr'>Platone</span> <span class='ocrx_word' id='word_1_153' title='bbox 979 2596 1045 2653; x_wconf 85' lang='lat' dir='ltr'>et</span> <span class='ocrx_word' id='word_1_154' title='bbox 1072 2588 1344 2668; x_wconf 90' lang='lat' dir='ltr'>Apuleio</span> <span class='ocrx_word' id='word_1_155' title='bbox 1393 2587 1778 2653; x_wconf 86' lang='lat' dir='ltr'>consentire.</span> <span class='ocrx_word' id='word_1_156' title='bbox 1838 2587 2080 2652; x_wconf 85' lang='lat' dir='ltr'>Tamen</span> <span class='ocrx_word' id='word_1_157' title='bbox 2129 2587 2335 2668; x_wconf 87' lang='lat' dir='ltr'>primo</span> <span class='ocrx_word' id='word_1_158' title='bbox 2381 2588 2613 2669; x_wconf 82' lang='lat' dir='ltr'>obtutu</span> <span class='ocrx_word' id='word_1_159' title='bbox 2658 2591 2842 2666; x_wconf 90' lang='lat' dir='ltr'>patet</span> 
     </span>
     <span class='ocr_line' id='line_1_21' title="bbox 483 2693 2839 2786; baseline 0 -27"><span class='ocrx_word' id='word_1_160' title='bbox 483 2693 887 2786; x_wconf 85' lang='lat' dir='ltr'>scriptorem,</span> <span class='ocrx_word' id='word_1_161' title='bbox 937 2696 1043 2774; x_wconf 89' lang='lat' dir='ltr'>qui</span> <span class='ocrx_word' id='word_1_162' title='bbox 1093 2696 1330 2775; x_wconf 87' lang='lat' dir='ltr'>Apulei</span> <span class='ocrx_word' id='word_1_163' title='bbox 1357 2696 1719 2772; x_wconf 68' lang='lat' dir='ltr'>verborum</span> <span class='ocrx_word' id='word_1_164' title='bbox 1770 2694 2063 2760; x_wconf 88' lang='lat' dir='ltr'>ordinem</span> <span class='ocrx_word' id='word_1_165' title='bbox 2120 2713 2234 2759; x_wconf 88' lang='lat' dir='ltr'>suo</span> <span class='ocrx_word' id='word_1_166' title='bbox 2290 2694 2559 2759; x_wconf 88' lang='lat' dir='ltr'>arbitrio</span> <span class='ocrx_word' id='word_1_167' title='bbox 2615 2694 2839 2759; x_wconf 88' lang='lat' dir='ltr'>immu-</span> 
     </span>
     <span class='ocr_line' id='line_1_22' title="bbox 481 2801 2833 2884; baseline -0 -18"><span class='ocrx_word' id='word_1_168' title='bbox 481 2805 600 2884; x_wconf 90' lang='lat' dir='ltr'>tet,</span> <span class='ocrx_word' id='word_1_169' title='bbox 649 2819 793 2866; x_wconf 89' lang='lat' dir='ltr'>eum</span> <span class='ocrx_word' id='word_1_170' title='bbox 839 2804 921 2867; x_wconf 87' lang='lat' dir='ltr'>ab</span> <span class='ocrx_word' id='word_1_171' title='bbox 955 2803 1076 2866; x_wconf 92' lang='lat' dir='ltr'>hoe</span> <span class='ocrx_word' id='word_1_172' title='bbox 1109 2809 1370 2867; x_wconf 83' lang='lat' dir='ltr'>auctore</span> <span class='ocrx_word' id='word_1_173' title='bbox 1403 2812 1539 2866; x_wconf 86' lang='lat' dir='ltr'>tum</span> <span class='ocrx_word' id='word_1_174' title='bbox 1572 2822 1610 2866; x_wconf 89' lang='lat' dir='ltr'>a</span> <span class='ocrx_word' id='word_1_175' title='bbox 1643 2802 1916 2883; x_wconf 87' lang='lat' dir='ltr'>Platone</span> <span class='ocrx_word' id='word_1_176' title='bbox 1950 2802 2016 2866; x_wconf 93' lang='lat' dir='ltr'>in</span> <span class='ocrx_word' id='word_1_177' title='bbox 2049 2820 2279 2882; x_wconf 82' lang='lat' dir='ltr'>unare</span> <span class='ocrx_word' id='word_1_178' title='bbox 2313 2801 2473 2867; x_wconf 88' lang='lat' dir='ltr'>adeo</span> <span class='ocrx_word' id='word_1_179' title='bbox 2503 2801 2833 2883; x_wconf 84' lang='lat' dir='ltr'>recedere,</span> 
     </span>
     <span class='ocr_line' id='line_1_23' title="bbox 483 2908 2836 2989; baseline 0 -16"><span class='ocrx_word' id='word_1_180' title='bbox 483 2913 555 2973; x_wconf 89' lang='lat' dir='ltr'>ut</span> <span class='ocrx_word' id='word_1_181' title='bbox 623 2908 690 2972; x_wconf 90' lang='lat' dir='ltr'>in</span> <span class='ocrx_word' id='word_1_182' title='bbox 769 2909 1158 2972; x_wconf 78' lang='lat' dir='ltr'>contrariam</span> <span class='ocrx_word' id='word_1_183' title='bbox 1230 2908 1422 2971; x_wconf 87' lang='lat' dir='ltr'>eadat</span> <span class='ocrx_word' id='word_1_184' title='bbox 1495 2908 1904 2972; x_wconf 89' lang='lat' dir='ltr'>sententiam.</span> <span class='ocrx_word' id='word_1_185' title='bbox 2014 2908 2202 2972; x_wconf 86' lang='lat' dir='ltr'>Plato</span> <span class='ocrx_word' id='word_1_186' title='bbox 2270 2909 2440 2973; x_wconf 90' lang='lat' dir='ltr'>enim</span> <span class='ocrx_word' id='word_1_187' title='bbox 2504 2910 2836 2989; x_wconf 87' lang='lat' dir='ltr'>expressis</span> 
     </span>
    </p>
   </div>
   <div class='ocr_carea' id='block_1_3' title="bbox 481 3010 2861 3107">
    <p class='ocr_par' dir='ltr' id='par_1_3' title="bbox 481 3010 2861 3107">
     <span class='ocr_line' id='line_1_24' title="bbox 481 3010 2861 3107; baseline -0.002 -28"><span class='ocrx_word' id='word_1_188' title='bbox 481 3014 700 3079; x_wconf 85' lang='lat' dir='ltr'>Verbis</span> <span class='ocrx_word' id='word_1_189' title='bbox 748 3014 1016 3079; x_wconf 86' lang='lat' dir='ltr'>exhibet</span> <span class='ocrx_word' id='word_1_190' title='bbox 1061 3010 1178 3099; x_wconf 53' lang='grc' dir='ltr'>τὴν</span> <span class='ocrx_word' id='word_1_191' title='bbox 1223 3015 1340 3074; x_wconf 85' lang='grc' dir='ltr'>τοῦ</span> <span class='ocrx_word' id='word_1_192' title='bbox 1395 3013 1764 3092; x_wconf 84' lang='grc' dir='ltr'><strong><em>πλεύμονος</em></strong></span> <span class='ocrx_word' id='word_1_193' title='bbox 1818 3010 1999 3081; x_wconf 80' lang='grc' dir='ltr'><strong><em>ἰδέαν</em></strong></span> <span class='ocrx_word' id='word_1_194' title='bbox 2058 3010 2491 3107; x_wconf 72' lang='grc' dir='ltr'><strong><em>ένεφύτευσαν</em></strong></span> <span class='ocrx_word' id='word_1_195' title='bbox 2535 3010 2861 3101; x_wconf 83' lang='grc' dir='ltr'><strong><em>μαλακὴν-</em></strong></span> 
     </span>
    </p>
   </div>
   <div class='ocr_carea' id='block_1_4' title="bbox 414 3115 2840 4277">
    <p class='ocr_par' dir='ltr' id='par_1_4' title="bbox 481 3115 2840 3205">
     <span class='ocr_line' id='line_1_25' title="bbox 481 3115 2840 3205; baseline 0.003 -26"><span class='ocrx_word' id='word_1_196' title='bbox 481 3118 590 3181; x_wconf 82' lang='grc' dir='ltr'>καὶ</span> <span class='ocrx_word' id='word_1_197' title='bbox 637 3115 876 3199; x_wconf 65' lang='lat' dir='ltr'>c&#39;v&#39;vam</span> <span class='ocrx_word' id='word_1_198' title='bbox 893 3139 976 3179; x_wconf 90' lang='grc' dir='ltr'><strong><em>ον</em></strong></span> <span class='ocrx_word' id='word_1_199' title='bbox 1010 3172 1021 3183; x_wconf 95' lang='grc'><strong><em>.</em></strong></span> <span class='ocrx_word' id='word_1_200' title='bbox 1057 3171 1091 3201; x_wconf 91' lang='grc'>.,</span> <span class='ocrx_word' id='word_1_201' title='bbox 1141 3139 1328 3200; x_wconf 90' lang='lat' dir='ltr'>quem</span> <span class='ocrx_word' id='word_1_202' title='bbox 1379 3126 1639 3186; x_wconf 89' lang='lat' dir='ltr'>secutus</span> <span class='ocrx_word' id='word_1_203' title='bbox 1671 3122 1987 3201; x_wconf 88' lang='lat' dir='ltr'>Apuleius</span> <span class='ocrx_word' id='word_1_204' title='bbox 2020 3121 2429 3201; x_wconf 85' lang='lat' dir='ltr'>pulmonibus</span> <span class='ocrx_word' id='word_1_205' title='bbox 2476 3121 2840 3205; x_wconf 78' lang='lat' dir='ltr'>mollitiam,</span> 
     </span>
    </p>

    <p class='ocr_par' dir='ltr' id='par_1_5' title="bbox 479 3226 2837 3312">
     <span class='ocr_line' id='line_1_26' title="bbox 479 3226 2837 3312; baseline 0 -21"><span class='ocrx_word' id='word_1_206' title='bbox 479 3226 659 3291; x_wconf 88' lang='lat' dir='ltr'>cordi</span> <span class='ocrx_word' id='word_1_207' title='bbox 706 3228 1091 3309; x_wconf 86' lang='lat' dir='ltr'>sanguinem</span> <span class='ocrx_word' id='word_1_208' title='bbox 1149 3227 1436 3293; x_wconf 88' lang='lat' dir='ltr'>ascribit.</span> <span class='ocrx_word' id='word_1_209' title='bbox 1529 3226 1660 3292; x_wconf 87' lang='lat' dir='ltr'>Sed</span> <span class='ocrx_word' id='word_1_210' title='bbox 1706 3228 1901 3292; x_wconf 88' lang='lat' dir='ltr'>aliter</span> <span class='ocrx_word' id='word_1_211' title='bbox 1945 3227 2346 3310; x_wconf 75' lang='lat' dir='ltr'>AmbrosiuS,</span> <span class='ocrx_word' id='word_1_212' title='bbox 2408 3227 2517 3308; x_wconf 90' lang='lat' dir='ltr'>qui</span> <span class='ocrx_word' id='word_1_213' title='bbox 2570 3228 2639 3292; x_wconf 90' lang='lat' dir='ltr'>in</span> <span class='ocrx_word' id='word_1_214' title='bbox 2670 3228 2837 3312; x_wconf 77' lang='lat' dir='ltr'>&#39;pul-</span> 
     </span>
    </p>

    <p class='ocr_par' dir='ltr' id='par_1_6' title="bbox 479 3333 2832 3416">
     <span class='ocr_line' id='line_1_27' title="bbox 479 3333 2832 3416; baseline 0 -18"><span class='ocrx_word' id='word_1_215' title='bbox 479 3334 775 3398; x_wconf 88' lang='lat' dir='ltr'>monibus</span> <span class='ocrx_word' id='word_1_216' title='bbox 834 3338 903 3399; x_wconf 89' lang='lat' dir='ltr'>et</span> <span class='ocrx_word' id='word_1_217' title='bbox 948 3333 1332 3416; x_wconf 89' lang='lat' dir='ltr'>sanguinem</span> <span class='ocrx_word' id='word_1_218' title='bbox 1395 3342 1462 3399; x_wconf 87' lang='lat' dir='ltr'>et</span> <span class='ocrx_word' id='word_1_219' title='bbox 1501 3335 1855 3399; x_wconf 89' lang='lat' dir='ltr'>mollitiam</span> <span class='ocrx_word' id='word_1_220' title='bbox 1914 3335 2131 3405; x_wconf 87' lang='lat' dir='ltr'>inesse</span> <span class='ocrx_word' id='word_1_221' title='bbox 2188 3334 2533 3400; x_wconf 76' lang='lat' dir='ltr'>existimat</span> <span class='ocrx_word' id='word_1_222' title='bbox 2625 3334 2832 3400; x_wconf 88' lang='lat' dir='ltr'>Mani-</span> 
     </span>
    </p>

    <p class='ocr_par' dir='ltr' id='par_1_7' title="bbox 414 3439 2829 3627">
     <span class='ocr_line' id='line_1_28' title="bbox 414 3439 2829 3560; baseline 0.002 -56"><span class='ocrx_word' id='word_1_223' title='bbox 414 3534 420 3537; x_wconf 3' lang='grc' dir='ltr'>μ’</span> <span class='ocrx_word' id='word_1_224' title='bbox 477 3439 716 3505; x_wconf 87' lang='lat' dir='ltr'>festum</span> <span class='ocrx_word' id='word_1_225' title='bbox 763 3448 866 3505; x_wconf 84' lang='lat' dir='ltr'>est</span> <span class='ocrx_word' id='word_1_226' title='bbox 913 3460 1057 3507; x_wconf 92' lang='lat' dir='ltr'>eum</span> <span class='ocrx_word' id='word_1_227' title='bbox 1104 3442 1316 3506; x_wconf 89' lang='lat' dir='ltr'>hane</span> <span class='ocrx_word' id='word_1_228' title='bbox 1320 3442 1639 3508; x_wconf 89' lang='lat' dir='ltr'>veriorem</span> <span class='ocrx_word' id='word_1_229' title='bbox 1705 3443 2093 3508; x_wconf 87' lang='lat' dir='ltr'>sententiam</span> <span class='ocrx_word' id='word_1_230' title='bbox 2164 3460 2246 3549; x_wconf 57' lang='lat' dir='ltr'>ex</span> <span class='ocrx_word' id='word_1_231' title='bbox 2306 3444 2385 3507; x_wconf 83' lang='lat' dir='ltr'>ea&#39;</span> <span class='ocrx_word' id='word_1_232' title='bbox 2441 3440 2829 3560; x_wconf 86' lang='lat' dir='ltr'>cognitione,</span> 
     </span>
     <span class='ocr_line' id='line_1_29' title="bbox 477 3543 2245 3632; baseline 0.001 -20"><span class='ocrx_word' id='word_1_233' title='bbox 477 3567 667 3627; x_wconf 87' lang='lat' dir='ltr'>quam</span> <span class='ocrx_word' id='word_1_234' title='bbox 713 3543 852 3625; x_wconf 85' lang='lat' dir='ltr'>vita</span> <span class='ocrx_word' id='word_1_235' title='bbox 901 3547 1226 3613; x_wconf 86' lang='lat' dir='ltr'>cotidiana</span> <span class='ocrx_word' id='word_1_236' title='bbox 1271 3548 1745 3632; x_wconf 88' lang='lat' dir='ltr'>subministrat,</span> <span class='ocrx_word' id='word_1_237' title='bbox 1793 3550 2109 3615; x_wconf 86' lang='lat' dir='ltr'>hausisse.</span> <span class='ocrx_word' id='word_1_238' title='bbox 2157 3584 2245 3595; x_wconf 90' lang='lat'>-</span> 
     </span>
    </p>

    <p class='ocr_par' dir='ltr' id='par_1_8' title="bbox 459 3655 2829 4277">
     <span class='ocr_line' id='line_1_30' title="bbox 652 3655 2829 3736; baseline 0.001 -18"><span class='ocrx_word' id='word_1_239' title='bbox 652 3655 966 3736; x_wconf 89' lang='lat' dir='ltr'>Apuleius</span> <span class='ocrx_word' id='word_1_240' title='bbox 1059 3656 1139 3721; x_wconf 91' lang='lat' dir='ltr'>de</span> <span class='ocrx_word' id='word_1_241' title='bbox 1215 3656 1623 3736; x_wconf 88' lang='lat' dir='ltr'>pulmonibus</span> <span class='ocrx_word' id='word_1_242' title='bbox 1699 3656 1953 3721; x_wconf 88' lang='lat' dir='ltr'>loeutus</span> <span class='ocrx_word' id='word_1_243' title='bbox 2025 3656 2219 3721; x_wconf 90' lang='lat' dir='ltr'>lienis</span> <span class='ocrx_word' id='word_1_244' title='bbox 2292 3674 2525 3721; x_wconf 90' lang='lat' dir='ltr'>munus</span> <span class='ocrx_word' id='word_1_245' title='bbox 2605 3655 2829 3736; x_wconf 85' lang='lat' dir='ltr'>paneis</span> 
     </span>
     <span class='ocr_line' id='line_1_31' title="bbox 471 3746 2829 3851; baseline -0.001 -24"><span class='ocrx_word' id='word_1_246' title='bbox 471 3763 754 3843; x_wconf 88' lang='lat' dir='ltr'>explicat</span> <span class='ocrx_word' id='word_1_247' title='bbox 843 3763 1138 3828; x_wconf 86' lang='lat' dir='ltr'>Platonis</span> <span class='ocrx_word' id='word_1_248' title='bbox 1244 3763 1604 3844; x_wconf 90' lang='lat' dir='ltr'>respiciens</span> <span class='ocrx_word' id='word_1_249' title='bbox 1704 3763 1871 3829; x_wconf 88' lang='lat' dir='ltr'>haec</span> <span class='ocrx_word' id='word_1_250' title='bbox 1962 3761 2147 3847; x_wconf 86' lang='lat' dir='ltr'>(Tim.</span> <span class='ocrx_word' id='word_1_251' title='bbox 2220 3761 2303 3825; x_wconf 83' lang='lat'>72</span> <span class='ocrx_word' id='word_1_252' title='bbox 2331 3759 2439 3846; x_wconf 88' lang='lat' dir='ltr'>C):</span> <span class='ocrx_word' id='word_1_253' title='bbox 2524 3759 2565 3851; x_wconf 79' lang='grc' dir='ltr'><em>ἡ</em></span> <span class='ocrx_word' id='word_1_254' title='bbox 2633 3758 2693 3825; x_wconf 82' lang='grc' dir='ltr'>δ’</span> <span class='ocrx_word' id='word_1_255' title='bbox 2744 3746 2829 3825; x_wconf 69' lang='grc' dir='ltr'>αἶ</span> 
     </span>
     <span class='ocr_line' id='line_1_32' title="bbox 470 3864 2827 3956; baseline 0.003 -29"><span class='ocrx_word' id='word_1_256' title='bbox 470 3869 589 3928; x_wconf 86' lang='grc' dir='ltr'>τοῦ</span> <span class='ocrx_word' id='word_1_257' title='bbox 643 3870 927 3945; x_wconf 81' lang='grc' dir='ltr'><strong><em>γείτονος</em></strong></span> <span class='ocrx_word' id='word_1_258' title='bbox 997 3869 1172 3955; x_wconf 75' lang='grc' dir='ltr'><strong><em>αὐτῷ</em></strong></span> <span class='ocrx_word' id='word_1_259' title='bbox 1233 3866 1344 3952; x_wconf 88' lang='lat' dir='ltr'>(sc.</span> <span class='ocrx_word' id='word_1_260' title='bbox 1407 3865 1642 3956; x_wconf 81' lang='grc' dir='ltr'><strong><em>ἥπατι)</em></strong></span> <span class='ocrx_word' id='word_1_261' title='bbox 1706 3869 2012 3941; x_wconf 78' lang='grc' dir='ltr'><strong><em>ξύστασις</em></strong></span> <span class='ocrx_word' id='word_1_262' title='bbox 2072 3870 2181 3932; x_wconf 83' lang='grc' dir='ltr'>καὶ</span> <span class='ocrx_word' id='word_1_263' title='bbox 2244 3864 2395 3953; x_wconf 77' lang='grc' dir='ltr'><strong><em>ἕδρα</em></strong></span> <span class='ocrx_word' id='word_1_264' title='bbox 2458 3866 2827 3950; x_wconf 78' lang='grc' dir='ltr'><strong><em>σπλάγχνου</em></strong></span> 
     </span>
     <span class='ocr_line' id='line_1_33' title="bbox 459 3966 2828 4061; baseline 0.002 -27"><span class='ocrx_word' id='word_1_265' title='bbox 459 3967 728 4051; x_wconf 63' lang='grc' dir='ltr'><strong><em>’γέγονεν</em></strong></span> <span class='ocrx_word' id='word_1_266' title='bbox 759 3966 1205 4059; x_wconf 75' lang='grc' dir='ltr'><strong><em>ἓξ’ἅριστερᾶς</em></strong></span> <span class='ocrx_word' id='word_1_267' title='bbox 1251 3971 1439 4059; x_wconf 78' lang='grc' dir='ltr'><strong><em>χάριν</em></strong></span> <span class='ocrx_word' id='word_1_268' title='bbox 1472 3972 1746 4060; x_wconf 80' lang='grc' dir='ltr'><strong><em>ἐκείνου,</em></strong></span> <span class='ocrx_word' id='word_1_269' title='bbox 1794 3978 1910 4038; x_wconf 59' lang='grc' dir='ltr'><strong><em>τοι*</em></strong></span> <span class='ocrx_word' id='word_1_270' title='bbox 1959 3982 2267 4061; x_wconf 87' lang='grc' dir='ltr'><strong><em>παρέχειν</em></strong></span> <span class='ocrx_word' id='word_1_271' title='bbox 2317 3970 2473 4041; x_wconf 78' lang='grc' dir='ltr'><strong><em>αὐτὸ</em></strong></span> <span class='ocrx_word' id='word_1_272' title='bbox 2521 3970 2828 4061; x_wconf 77' lang='grc' dir='ltr'><strong><em>λαμπρὸν</em></strong></span> 
     </span>
     <span class='ocr_line' id='line_1_34' title="bbox 471 4070 2827 4167; baseline 0.001 -27"><span class='ocrx_word' id='word_1_273' title='bbox 471 4074 577 4141; x_wconf 76' lang='grc' dir='ltr'>αἐὶ</span> <span class='ocrx_word' id='word_1_274' title='bbox 623 4078 733 4142; x_wconf 81' lang='grc' dir='ltr'>καὶ</span> <span class='ocrx_word' id='word_1_275' title='bbox 780 4084 1099 4164; x_wconf 76' lang='grc' dir='ltr'><strong><em>καθαρόν,</em></strong></span> <span class='ocrx_word' id='word_1_276' title='bbox 1152 4070 1289 4145; x_wconf 78' lang='grc' dir='ltr'><strong><em>οἷον</em></strong></span> <span class='ocrx_word' id='word_1_277' title='bbox 1335 4078 1682 4167; x_wconf 78' lang='grc' dir='ltr'><strong><em>κατόπτρῳ·</em></strong></span> <span class='ocrx_word' id='word_1_278' title='bbox 1740 4089 2353 4167; x_wconf 83' lang='grc' dir='ltr'><strong><em>παρεσκευασμένον</em></strong></span> <span class='ocrx_word' id='word_1_279' title='bbox 2407 4086 2518 4147; x_wconf 81' lang='grc' dir='ltr'>καὶ</span> <span class='ocrx_word' id='word_1_280' title='bbox 2564 4080 2827 4164; x_wconf 75' lang='grc' dir='ltr'><strong><em>ἕτοιμον</em></strong></span> 
     </span>
     <span class='ocr_line' id='line_1_35' title="bbox 469 4180 2824 4277; baseline 0.003 -30"><span class='ocrx_word' id='word_1_281' title='bbox 469 4180 577 4249; x_wconf 75' lang='grc' dir='ltr'>αἐὶ</span> <span class='ocrx_word' id='word_1_282' title='bbox 622 4189 1112 4269; x_wconf 86' lang='grc' dir='ltr'><strong><em>παρακείμενον</em></strong></span> <span class='ocrx_word' id='word_1_283' title='bbox 1159 4184 1522 4269; x_wconf 77' lang='grc' dir='ltr'><strong><em>ἐκμαγεῖον.-</em></strong></span> <span class='ocrx_word' id='word_1_284' title='bbox 1591 4183 1687 4252; x_wconf 80' lang='grc' dir='ltr'>διὸ</span> <span class='ocrx_word' id='word_1_285' title='bbox 1737 4187 1813 4277; x_wconf 77' lang='grc' dir='ltr'>δὴ</span> <span class='ocrx_word' id='word_1_286' title='bbox 1859 4190 1969 4252; x_wconf 83' lang='grc' dir='ltr'>καὶ</span> <span class='ocrx_word' id='word_1_287' title='bbox 2014 4181 2175 4254; x_wconf 81' lang='grc' dir='ltr'><strong><em>ὅταν</em></strong></span> <span class='ocrx_word' id='word_1_288' title='bbox 2220 4189 2390 4261; x_wconf 73' lang='grc' dir='ltr'><strong><em>τινὲς</em></strong></span> <span class='ocrx_word' id='word_1_289' title='bbox 2421 4186 2824 4274; x_wconf 76' lang='grc' dir='ltr'><strong><em>α’καθαρσίαι</em></strong></span> 
     </span>
    </p>
   </div>
   <div class='ocr_carea' id='block_1_5' title="bbox 467 4281 2934 4386">
    <p class='ocr_par' dir='ltr' id='par_1_9' title="bbox 467 4281 2934 4386">
     <span class='ocr_line' id='line_1_36' title="bbox 467 4281 2934 4386; baseline 0.002 -31"><span class='ocrx_word' id='word_1_290' title='bbox 467 4295 804 4372; x_wconf 79' lang='grc' dir='ltr'><strong><em>γίγνωνται</em></strong></span> <span class='ocrx_word' id='word_1_291' title='bbox 847 4286 954 4355; x_wconf 78' lang='grc' dir='ltr'><strong><em>διὰ</em></strong></span> <span class='ocrx_word' id='word_1_292' title='bbox 1003 4289 1230 4366; x_wconf 83' lang='grc' dir='ltr'><strong><em>νόσους</em></strong></span> <span class='ocrx_word' id='word_1_293' title='bbox 1262 4296 1552 4375; x_wconf 88' lang='grc' dir='ltr'><strong><em>σώματος</em></strong></span> <span class='ocrx_word' id='word_1_294' title='bbox 1600 4296 1757 4379; x_wconf 82' lang='grc' dir='ltr'><strong><em>περὶ</em></strong></span> <span class='ocrx_word' id='word_1_295' title='bbox 1802 4290 1873 4357; x_wconf 82' lang='grc' dir='ltr'>τὸ</span> <span class='ocrx_word' id='word_1_296' title='bbox 1916 4281 2121 4383; x_wconf 79' lang='grc' dir='ltr'><strong><em>ἧπαρ,</em></strong></span> <span class='ocrx_word' id='word_1_297' title='bbox 2183 4292 2406 4360; x_wconf 81' lang='grc' dir='ltr'><strong><em>πάντα</em></strong></span> <span class='ocrx_word' id='word_1_298' title='bbox 2452 4295 2493 4386; x_wconf 80' lang='grc' dir='ltr'><strong><em>ἡ</em></strong></span> <span class='ocrx_word' id='word_1_299' title='bbox 2540 4292 2826 4384; x_wconf 77' lang='grc' dir='ltr'><strong><em>σπληνὸς</em></strong></span> <span class='ocrx_word' id='word_1_300' title='bbox 2932 4372 2934 4375; x_wconf 19' lang='lat'><em>⁴</em></span> 
     </span>
    </p>
   </div>
   <div class='ocr_carea' id='block_1_6' title="bbox 462 4394 1907 4488">
    <p class='ocr_par' dir='ltr' id='par_1_10' title="bbox 462 4394 1907 4488">
     <span class='ocr_line' id='line_1_37' title="bbox 462 4394 1907 4488; baseline 0.005 -25"><span class='ocrx_word' id='word_1_301' title='bbox 462 4402 873 4485; x_wconf 78' lang='grc' dir='ltr'><strong><em>καθαίρουσα</em></strong></span> <span class='ocrx_word' id='word_1_302' title='bbox 921 4394 1088 4464; x_wconf 75' lang='grc' dir='ltr'><strong><em>αὐτὰ</em></strong></span> <span class='ocrx_word' id='word_1_303' title='bbox 1136 4401 1392 4480; x_wconf 80' lang='grc' dir='ltr'><strong><em>δέχεται</em></strong></span> <span class='ocrx_word' id='word_1_304' title='bbox 1434 4399 1722 4488; x_wconf 86' lang='grc' dir='ltr'><strong><em>μανότης</em></strong></span> <span class='ocrx_word' id='word_1_305' title='bbox 1768 4456 1779 4468; x_wconf 95' lang='grc'><strong>.</strong></span> <span class='ocrx_word' id='word_1_306' title='bbox 1831 4456 1844 4469; x_wconf 95' lang='grc'><strong>.</strong></span> <span class='ocrx_word' id='word_1_307' title='bbox 1896 4456 1907 4469; x_wconf 95' lang='grc'><em>.</em></span> 
     </span>
    </p>
   </div>
  </div>
 </body>
</html>
