3425 5167
1409 460 1851 522 ..27-

425 638 544 713 εἷς
627 640 700 703 τὸ
791 645 1056 721 πρῶτόν
1147 660 1216 701 τε
1320 640 1430 701 καὶ
1501 640 1897 719 κυριώτατον
1988 634 2261 722 ὄργανον
2364 642 2475 723 τῆς
2568 631 2807 719 ὄψεως,

442 750 528 813 τὸ
591 746 1114 831 κρυσταλλοειδές
1181 740 1369 830 ὑγρὸν
1433 741 1825 829 (ἐμφύεται).
1940 746 2341 828 Quamquam
2405 745 2511 809 hic
2558 742 2806 809 Galeni

447 858 632 922 locus
679 858 748 920 in
793 858 920 921 alio
968 856 1440 921 sententiarum
1486 874 1658 919 nexu
1691 854 1989 935 occurrit,
2040 862 2257 917 tamen
2307 871 2423 916 nos
2466 852 2809 932 opinantes

449 963 862 1029 Ambrosium
932 964 1213 1028 auctoris
1277 962 1641 1042 exemplum
1714 963 1881 1026 bone
1936 960 2017 1023 ad
2090 979 2273 1023 suum
2331 977 2517 1023 usum
2565 956 2807 1023 acconi-

455 1071 753 1135 modasse
799 1089 925 1135 non
974 1070 1168 1150 longe
1217 1088 1255 1133 a
1305 1087 1458 1133 vero
1504 1071 1810 1133 aberrare
1858 1073 2029 1148 puto,
2107 1066 2180 1131 Id
2232 1066 2398 1146 quod
2442 1066 2587 1130 aliis
2621 1083 2810 1147 argu-

446 1177 694 1242 mentis
751 1175 1182 1241 confirmatur.
1276 1176 1656 1240 Ambrosius
1703 1174 1897 1256 enim,
1956 1192 2099 1239 cum
2155 1173 2223 1237 in
2272 1174 2385 1237 illa
2423 1171 2659 1239 Galeni
2707 1190 2811 1237 ex-

453 1284 780 1366 positione
872 1284 1338 1348 accuratiorem
1431 1283 1512 1346 de
1604 1282 1929 1346 oculorum
2017 1280 2233 1345 indole
2316 1280 2811 1359 explicationem

449 1391 882 1467 desideraret,
943 1399 1171 1471 aperte
1229 1389 1498 1455 alterius
1558 1389 1684 1453 loci
1743 1388 2123 1453 recordatus
2172 1396 2293 1467 est,
2353 1388 2464 1451 fibi
2523 1387 2635 1451 ille
2682 1403 2807 1450 non

449 1499 647 1565 ‚modo
695 1498 1016 1564 oculorum
1071 1498 1262 1561 sit-um
1316 1496 1814 1561 munitissimum
1862 1496 2189 1560 simillimo
2246 1494 2431 1559 modo
2479 1492 2811 1573 describit,

451 1606 576 1674 sed
655 1624 765 1671 eos
843 1605 1070 1684 etiam·
1121 1605 1456 1684 aptissime
1532 1603 1885 1668 instructos
1964 1621 2110 1669 esse
2188 1602 2605 1667 demonstrat.
2731 1598 2815 1663 In

453 1716 626 1779 libro
685 1712 750 1777 X
813 1713 972 1792 dico,
1042 1714 1150 1776 ubi
1213 1710 1518 1791 Galenus,
1590 1718 1932 1789 postquam
1998 1711 2324 1775 oculorum
2370 1708 2809 1791 crystallinam

455 1821 744 1901 speciem
801 1820 1094 1883 laudavit
1139 1816 1338 1902 (788),
1409 1838 1520 1884 cos
1585 1819 1839 1883 ossibus
1902 1828 2042 1882 tuto
2099 1816 2617 1882 circumvallatos
2666 1830 2813 1879 esse

456 1930 566 1993 his
613 1930 831 1993 verbis
880 1928 1146 2006 exponit
1193 1923 1401 2005 (790):
1450 1919 1609 2007 πρὸς
1655 1923 1725 1986 δὲ
1774 1922 1890 2011 τὴν
1937 1933 2066 1986 τῶν
2114 1919 2209 1987 ἔτι
2254 1922 2565 2002 μειζόνων
2610 1918 2818 1999 ὄγκων

457 2032 832 2121 προσβολὴν
880 2030 1142 2097 ἄνωθεν
1186 2034 1311 2112 μὲν
1358 2031 1472 2103 τὰς
1517 2027 1719 2116 ὀφρῦς
1781 2033 2213 2116 προῦτάξατο,
2262 2033 2563 2093 κάτωθεν
2608 2028 2678 2091 δὲ
2732 2027 2814 2091 τὰ

453 2142 658 2230 μῆλα,
717 2141 882 2203 κατὰ
932 2135 1044 2202 τὸν
1091 2146 1296 2220 μέγαν
1341 2143 1597 2203 κάνθον
1660 2138 1777 2227 τὴν
1826 2142 1991 2225 ῥῖνα,
2041 2136 2206 2201 κατὰ
2264 2138 2377 2200 τὸν
2422 2138 2652 2220 μικρὸν
2696 2134 2816 2222 τὴν

463 2258 582 2311 τοῦ
615 2248 976 2328 ζυγώματος
1009 2244 1276 2330 ἔκφυσιν
1291 2248 1355 2332 1).
1408 2243 1519 2329 ὑφ’
1553 2234 1640 2309 cliv
1670 2241 1989 2309 ἁπάντων
2016 2250 2350 2328 προτέρων
2378 2241 2817 2323 ἐκδεχομένων
2844 2326 2849 2329 ¹

459 2352 582 2428 vig
662 2349 1020 2435 προσβολὰς
1123 2358 1250 2417 τῶν
1320 2350 1651 2433 μειζόνων
1742 2350 2061 2433 σωμάτων
2152 2347 2347 2423 αὐτὸς
2442 2348 2513 2412 ἐν
2607 2355 2818 2435 xvimam

462 2468 852 2543 ,τεταγμένος
912 2456 945 2524 ὁ
1009 2456 1350 2545 ὀφθαλμὸς
1414 2461 1600 2524 οὐδὲν
1679 2464 1933 2539 πάσχει.
2058 2461 2374 2525 Similiter
2433 2460 2816 2525 Ambrosius

459 2573 684 2637 oculos
762 2580 901 2635 tuto
977 2572 1221 2635 locatos
1301 2588 1447 2635 esse
1525 2570 1792 2650 exponit
1868 2570 2279 2649 „supercilia
2337 2568 2616 2647 desuper
2694 2584 2817 2630 non

465 2680 798 2745 minimum
850 2678 1271 2759 protectionis
1320 2679 1716 2759 impertiant,
1767 2678 1994 2742 subter
2040 2676 2249 2741 malae
2292 2726 2349 2740 ..
2387 2726 2399 2739 .
2443 2674 2819 2739 interiorem

469 2798 723 2869 partein
785 2786 1085 2867 saepiant
1147 2803 1342 2851 nares
1391 2836 1405 2849 .
1453 2837 1466 2849 .
1515 2839 1530 2855 .
1591 2786 1764 2849 inter
1827 2784 1991 2849 haec
2037 2782 2232 2849 medii
2298 2793 2451 2847 sunt
2495 2782 2821 2846 oculorum

467 2897 660 2960 orbes
729 2904 796 2959 et
854 2894 980 2959 tuti
1027 2893 1110 2958 ad
1157 2892 1518 2958 cavendum
1567 2899 1636 2957 et
1681 2892 1761 2955 ad
1812 2891 2189 2957 intuendum
2253 2890 2440 2954 liberi
2492 2893 2560 2953 et
2605 2888 2822 2952 decori

463 3003 553 3068 ad
601 3002 878 3085 gratiam
925 3010 1148 3081 utpote
1195 3000 1263 3064 in
1311 3000 1606 3081 crystalli
1663 2998 1948 3080 speciem
2007 2996 2474 3079 refulgentes.“
2571 2994 2822 3059 Deinde

472 3110 556 3175 ad
605 3109 948 3189 palpebras
998 3106 1460 3187 describendas
1508 3106 1891 3189 progressus
1938 3107 2173 3170 iterum
2221 3122 2365 3169 cum
2420 3105 2541 3167 hoc
2588 3101 2824 3167 Galeni

464 3218 615 3283 iloco
663 3216 1002 3287 consentit.
1104 3269 1110 3276 .

469 3461 476 3467 ι
783 3380 1008 3444 Galen.
1057 3396 1113 3457 p.
1164 3374 1310 3441 790.
1645 3381 1652 3453 Ι
2007 3375 2299 3439 Ambros.
2347 3372 2383 3453 ξ
2430 3369 2533 3438 60.

476 3495 594 3572 τὰς
639 3500 762 3582 μὲν
792 3480 1204 3592 βλεφαρίδαζ
1227 3489 1366 3564 οἷον
1403 3496 1595 3585 χάρα-
1701 3482 1867 3565 haec
1898 3520 1979 3565 no
2017 3518 2143 3580 qua
2176 3498 2527 3563 incidentis
2550 3498 2828 3561 iniuriae

473 3604 560 3672 κά
593 3595 739 3672 τινα
768 3592 898 3673 τῶν
928 3590 1174 3693 μικρῶν
1215 3590 1405 3671 ἕνεκα
1439 3630 1596 3691 προ·
1702 3607 2059 3673 offensione
2090 3606 2452 3686 laedantur,
2489 3605 2637 3683 pilis
2674 3604 2829 3668 hi-nc

479 3700 673 3791 τᾰξᾱς
716 3720 1050 3796 σωμάτων,
1102 3719 1185 3787 ὡς
1225 3714 1318 3803 μὴ
1365 3709 1597 3798 ῥᾳδίως
1704 3714 1855 3803 inde
1922 3714 2237 3780 consertis
2304 3712 2485 3778 velut
2550 3711 2827 3790 quodam

469 3808 842 3901 ἐμπίπτειν
905 3808 1214 3908 ἀνεῳγόσι
1284 3830 1421 3917 τοῖς
1483 3817 1595 3910 ‹359-
1707 3823 1876 3887 vallo
1894 3839 2011 3901 per
2028 3820 2365 3886 circuitum
2387 3818 2828 3884 muniuntur..

665 4119 701 4180 ¹)
738 4118 784 4170 E
810 4118 958 4169 sdcm
1001 4116 1110 4171 fere
1149 4116 1328 4169 verbis
1372 4131 1496 4167 usus
1537 4114 1779 4168 Galenus
1817 4130 1983 4181 supra
2002 4116 2090 4179 (623
2114 4118 2147 4171 ὲ)
2187 4114 2253 4166 de
2279 4112 2363 4166 his
2383 4112 2543 4165 rebus
2572 4110 2833 4165 disseruit

469 4206 706 4260 ἄνωθεν
743 4204 852 4282 μὲν
891 4205 1056 4276 ὀφρῦς
1099 4201 1724 4278 ὑπερθεῖσα,,κα’τωθεν
1762 4200 1821 4257 δὲ·
1864 4200 1920 4256 τὸ
1959 4199 2306 4275 καλούμενον
2329 4204 2508 4271 μῆλον
2546 4197 2829 4267 ὗψώσασοί,

481 4303 596 4356 τοῖς
633 4296 690 4350 δ’
719 4294 874 4353 ἐντὸς
900 4296 1092 4369 μέρεσι
1113 4292 1230 4366 ’τὴν
1267 4294 1395 4370 ῥῖνα
1435 4300 1771 4367 παραθεῖσα,
1814 4300 1925 4351 τοῖς
1963 4290 2021 4345 δ’»
2047 4288 2201 4350 ἐκτὸς
2231 4289 2326 4345 τίψ
2355 4296 2455 4343 τοῦ
2480 4286 2830 4362 καλουμένου

464 4383 800 4461 ,ζυγοῖματος
839 4386 1078 4455 ἔκφυσιν.
