3425 5167
1522 389 1967 480 „15—

567 592 818 676 Quibus
865 594 1238 678 explanatis
1287 594 1367 659 ad
1413 593 1747 661 hominum
1790 593 2011 659 oculos
2058 593 2299 659 transit
2354 593 2773 671 breviterque
2820 610 2928 657 ex-

569 701 752 780 ponit
817 719 929 766 eos
985 701 1053 766 in
1099 700 1321 785 capite
1369 700 1712 767 collocatos
1762 707 1831 765 et
1891 700 2284 767 tutissimum
2334 706 2402 765 et
2448 699 2528 766 ad
2576 698 2927 765 videndum

567 807 978 891 aptissimum
1025 808 1236 873 locum
1283 808 1580 873 obtinere
1624 804 1781 883 (632
1818 844 1853 849 --
1877 806 2055 890 633).
2132 806 2387 873 Deinde
2434 808 2517 873 ad
2563 808 2753 873 aliam
2788 824 2926 871 rem

569 913 1040 995 expediendam
1098 932 1452 997 aggressus
1511 915 1953 993 quaestionem
2022 915 2148 981 sibi
2193 916 2512 996 proponit,
2570 898 2685 981 cur
2726 912 2927 979 etiam

549 1022 770 1087 ceteri
819 1033 1072 1103 sensuS,
1123 1022 1375 1088 scilicet
1421 1040 1612 1087 aures
1659 1040 1853 1088 nares
1886 1041 1980 1105 os„
2028 1022 2255 1088 eodem
2304 1022 2489 1088 modo
2537 1026 2731 1103 atque
2761 1018 2928 1086 oculi

570 1129 636 1194 in
685 1129 900 1211 capite
946 1130 1283 1195 constituti
1332 1128 1480 1193 sint.
1559 1128 1837 1194 Causam
1884 1129 2077 1195 huius
2121 1128 2221 1194 rei
2266 1128 2420 1194 inde
2466 1128 2724 1209 repetit,
2760 1125 2927 1206 quod

549 1236 696 1301 -duo
757 1254 1101 1303 nervorum
1167 1254 1413 1318 genera
1477 1254 1624 1301 esse
1689 1236 1869 1318 dicit,
1937 1236 2212 1301 alterum
2261 1236 2586 1318 durorum,
2648 1235 2926 1301 alterum

571 1326 874 1408 mollium.
951 1341 1126 1425 Quos
1175 1361 1410 1410 nervos
1459 1343 1737 1409 diversis
1784 1342 1989 1425 fungi
2021 1344 2410 1408 muneribus.
2490 1343 2653 1408 Nam
2700 1340 2926 1407 molles

569 1468 808 1515 nervos
867 1450 1060 1515 valde
1122 1450 1445 1533 patibiles,
1520 1450 1626 1530 qui
1698 1452 1894 1515 rebus
1972 1450 2337 1517 forinsecus
2399 1450 2602 1515 oculis
2666 1449 2928 1514 auribus

569 1557 837 1622 naribus
901 1558 1116 1637 sapori
1192 1558 1396 1623 illatis
1474 1557 1729 1623 facilius
1792 1556 2229 1633 afficerentur,
2314 1557 2383 1621 in
2458 1575 2765 1623 sensuum
2834 1556 2929 1619 in-

567 1670 936 1729 strumenta
1005 1664 1481 1746 disseminatOS,
1563 1663 1676 1729 sed
1752 1682 1989 1731 nervos
2070 1665 2285 1747 duros,
2375 1666 2613 1746 quippe
2678 1662 2786 1744 qui
2846 1660 2929 1725 ad

565 1771 896 1853 agendum
965 1771 1252 1853 aptiores
1321 1778 1563 1852 essent,
1623 1772 1702 1835 ad
1762 1780 1975 1837 motus
2040 1772 2417 1839 efficiendos
2462 1772 2769 1837 musculis
2834 1772 2930 1835 in-

563 1885 784 1944 sertos
845 1897 992 1945 esse
1055 1876 1478 1960 (633-635).
1570 1878 1834 1943 Priores
1901 1884 2116 1945 autem
2181 1898 2417 1946 nervos
2482 1879 2643 1945 adeo
2704 1878 2931 1943 molles

549 2004 740 2063 -esse,
776 1992 866 2067 ut,
917 1987 972 2050 si
1005 1986 1074 2050 in
1107 1986 1394 2066 corporis
1426 1995 1647 2066 partes
1678 1986 2059 2052 remotiores
2093 1986 2589 2067 deducerentur,
2622 1985 2932 2053 facillime

569 2093 988 2159 laederentur
1051 2100 1118 2159 et
1193 2092 1757 2159 contunderentur.
1866 2094 2097 2174 Itaque
2166 2114 2205 2159 a
2268 2101 2503 2159 natura
2562 2092 2932 2175 providenti

565 2219 797 2265 omnes
860 2218 1090 2265 sensus
1153 2219 1355 2281 prope
1419 2219 1726 2266 sensuum
1789 2202 2196 2285 principium,
2260 2202 2513 2268 scilicet
2572 2202 2929 2281 cerebrum,

572 2308 921 2373 collocatos
969 2325 1131 2373 esse.
1203 2305 1453 2389 Quibus
1501 2308 1817 2389 expositis
1862 2308 2150 2375 Galenus
2196 2310 2282 2391 id,
2333 2309 2501 2389 quod
2538 2328 2577 2373 a
2614 2307 2931 2388 principio

565 2416 948 2495 quaerebat,
998 2421 1336 2479 assecutus
1385 2416 1501 2495 eis,
1566 2416 1674 2495 qui
1722 2424 1919 2497 caput
1973 2424 2245 2497 propter
2306 2419 2642 2483 cerebrum
2688 2414 2931 2481 factum

579 2540 725 2587 esse
774 2521 1272 2602 contenderunt,
1323 2523 1591 2603 opponit
1635 2522 1759 2588 hoc
1820 2527 1903 2604 (p.
1952 2521 2365 2607 635—636):
2435 2526 2753 2587 Φαίνεται
2812 2514 2931 2603 γὰρ

587 2620 622 2687 ὅ
668 2625 794 2706 μὲν
841 2621 1188 2708 ἐγκέφαλος
1241 2623 1310 2689 ἓν
1344 2631 1424 2716 τῇ
1470 2627 1721 2713 κεφαλῇ
1766 2626 2088 2707 τετάχθαι
2147 2624 2252 2692 διὰ
2312 2624 2460 2700 τοὺς
2523 2625 2927 2711 ὀφθαλμούς,

581 2729 857 2797 ἕκαστον
903 2732 973 2796 δὲ
1021 2743 1147 2795 τῶν
1195 2730 1408 2797 ἄλλων
1441 2732 1889 2819 αἰσθητηρίων
1934 2731 2039 2799 διὰ
2092 2732 2203 2798 τὸν
2236 2733 2610 2818 ἐγκέφαλον.

760 2843 1110 2922 Postquam
1179 2842 1415 2908 Galeni
1477 2844 1977 2925 argumentandi
2047 2846 2363 2911 rationem
2425 2845 2649 2926 paucis
2711 2844 2929 2911 adum-

583 2950 932 3023 bravimus,
995 2949 1289 3025 singulas
1351 2950 1542 3015 huius
1605 2952 2034 3032 expositionis
2081 2962 2303 3033 partes
2356 2954 2817 3033 perspiciamus
2866 2958 2934 3015 et

581 3076 703 3138 quo
753 3056 939 3122 modo
972 3057 1356 3122 Ambrosius
1405 3077 1516 3123 eas
1565 3077 1602 3123 e
1649 3061 2123 3124 sententiarum
2168 3080 2340 3125 nexu
2372 3062 2615 3125 solutas
2649 3060 2714 3122 in
2748 3077 2932 3122 suum

584 3183 765 3229 usum
819 3164 1216 3230 converterit
1265 3166 1725 3230 examinemus.

762 3269 1070 3351 Galenus,
1142 3280 1213 3333 ut
1274 3272 1460 3335 modo
1523 3271 1822 3353 vidimus,
1891 3274 2041 3338 inde
2090 3274 2516 3353 proficiscitur
2574 3273 2739 3353 quod
2788 3291 2933 3338 can-

555 3396 835 3442 -crorum
908 3383 975 3442 et
1049 3379 1547 3443 scarabaeorum
1620 3380 1837 3444 oculos
1912 3400 2109 3459 supra
2178 3382 2465 3447 cervices
2548 3382 2933 3461 praelongas

581 3485 827 3566 positos
873 3484 1281 3566 aptissimum
1345 3486 1553 3551 locum
1619 3491 1847 3551 tenere
1912 3488 2084 3552 dicit.
2188 3486 2327 3568 Qua
2392 3490 2453 3551 in
2520 3487 2933 3553 enarratione

555 3611 726 3657 -cum
788 3592 1004 3657 oculos
1065 3611 1205 3657 cum
1276 3594 1814 3674 exploratoribuS,
1890 3595 1999 3672 qui
2064 3595 2402 3673 spect-andi
2464 3614 2658 3661 causa
2722 3605 2933 3661 turres

555 3707 697 3763 aut
752 3699 1011 3764 navium
1060 3718 1298 3765 cornua
1361 3700 1739 3779 ascendant,
1789 3710 2137 3780 comparet,
2186 3700 2348 3765 haec
2396 3703 2721 3766 scribendi
2770 3704 2934 3765 ratio

581 3814 716 3870 tam
783 3807 947 3871 bene
1011 3812 1321 3870 exornata
1386 3806 1798 3870 Ambrosium
1862 3809 1955 3870 ita
2018 3808 2452 3873 delectavisse
2524 3808 2795 3889 videtur,
2866 3818 2936 3873 ut

583 3912 882 3977 lubenter
913 3930 1055 3976 eam
1089 3921 1490 3991 sequeretur.
1569 3912 1749 3994 Quae
1782 3916 1947 3977 ratio
1976 3910 2149 3979 inter
2180 3926 2519 3993 utrumque
2554 3918 2937 3995 scriptorem

583 4018 948 4083 intercedat
993 4037 1070 4083 ex
1115 4019 1274 4083 locis
1323 4020 1574 4083 collatis
1621 4022 1981 4100 apparebit.

876 4124 1102 4190 Galen.
1150 4146 1209 4206 p.
1261 4123 1408 4190 631.
1765 4126 1770 4228 Ι
2029 4130 2320 4195 Ambros.
2369 4126 2406 4212 ξ
2456 4128 2736 4196 59--60.

577 4227 926 4311 ὀφθαλμοὶ
1001 4231 1109 4293 καὶ
1196 4235 1523 4314 καρκίνοις
1597 4233 1704 4294 καὶ
1764 4269 1769 4315 4

557 4334 938 4417 αφαλαίναις
1011 4336 1122 4398 καὶ
1209 4334 1521 4418 καράβοις
1595 4338 1706 4400 καὶ
1763 4335 1770 4437 j
