3425 5167
1489 434 1929 497 -15-

715 612 938 678 'Palem
1003 613 1330 679 scribendi
1385 614 1702 681 rationem
1766 614 2152 681 Christianis
2218 617 2595 695 posterioris
2652 618 2891 683 aetatis

535 719 728 785 valde
773 720 1074 785 arrisisse
1121 722 1352 785 mirum
1398 740 1525 786 non
1574 729 1692 787 est.
1785 720 2028 805 Quanti
2076 724 2269 788 etiam
2318 724 2699 789 Ambrosius
2746 725 2891 790 eius

537 827 618 891 de
687 845 806 891 usu
876 827 1155 907 partium
1225 828 1424 893 libros
1496 830 1949 897 aestimaverit
2017 850 2099 897 ex
2157 838 2441 897 tractatu
2504 832 2691 897 nobis
2739 850 2887 912 pro—

536 933 744 1015 posito
795 952 894 998 me
942 924 1507 1016 comprobaturum
1555 955 1765 1018 spero.
1812 973 1899 983 -—

713 1038 1004 1107 Galenus
1049 1050 1278 1107 octavo
1325 1050 1394 1107 et
1441 1061 1607 1108 nono
1654 1043 1822 1110 libro
1870 1044 1951 1110 de
1998 1045 2233 1125 capitis
2275 1046 2588 1128 partibus,
2639 1044 2890 1112 decimo

536 1148 617 1213 de
663 1149 1141 1213 constructione
1189 1150 1512 1215 oculorum
1561 1151 1718 1232 agit.
2007 1188 2022 1212 =

713 1254 990 1321 Ineunte
1046 1256 1212 1320 libro
1285 1256 1447 1321 VIII
1510 1254 1594 1341 (p.
1662 1256 1817 1337 609)
1888 1258 2343 1339 disputationis
2411 1238 2665 1325 initium
2732 1259 2885 1325 inde

535 1363 728 1445 capit,
802 1362 969 1442 quod
1041 1363 1369 1444 complura
1440 1365 1764 1447 animalia,
1844 1366 2050 1431 veluti
2118 1369 2387 1433 carabos
2456 1374 2524 1431 et
2598 1385 2888 1449 cancros,

535 1470 768 1550 capitis
833 1470 1130 1551 expertia
1195 1489 1341 1536 esse
1413 1471 1586 1537 dicit.
1681 1468 1934 1539 Deinde
1996 1474 2060 1538 in
2125 1491 2304 1554 capp.
2369 1473 2407 1535 2
2500 1472 2543 1535 4
2604 1474 2894 1540 instituit

534 1578 997 1657 quaestionem,
1064 1597 1252 1656 quam
1300 1580 1380 1643 ob
1443 1593 1579 1644 rem
1645 1588 1842 1660 caput
1903 1580 2147 1645 factum
2212 1581 2314 1645 sit.
2422 1578 2565 1663 Qua
2624 1580 2692 1645 in
2757 1579 2887 1646 dis·

533 1685 869 1765 putatione
916 1702 999 1748 ex
1043 1684 1212 1751 falsa
1259 1686 1558 1767 opinione
1606 1706 1645 1752 a
1693 1687 1985 1767 plurimis
2032 1687 2397 1753 hominibus
2431 1689 2710 1768 probata
2741 1707 2884 1768 pro-

531 1792 862 1872 ficiscitur,
911 1810 1036 1871 qua
1081 1801 1276 1873 caput
1318 1801 1584 1874 propter
1630 1796 1969 1859 cerebrum
2038 1794 2279 1860 factum
2327 1812 2475 1859 esse
2522 1795 2879 1875 eademque

535 1899 616 1964 de
691 1918 887 1967 causa
945 1901 1209 1967 videndi
1274 1900 1576 1966 audiendi
1639 1900 1949 1966 odorandi
2018 1902 2323 1983 gustandi
2380 1918 2610 1966 sensus
2658 1897 2887 1986 {capite

535 2007 850 2072 contineri
915 2008 1319 2074 credebatur.
1412 2006 1614 2090 Quam
1679 2008 1889 2074 futilis
1935 2009 2024 2073 sit
2070 2009 2232 2075 haec
2288 2009 2501 2090 opinio
2548 2027 2625 2074 eo
2672 2009 2882 2074 evinci

536 2112 823 2180 Galenus
873 2116 1224 2196 existimat,
1292 2114 1458 2194 quod
1523 2125 1592 2180 et
1655 2115 1872 2179 cancri
1935 2121 2004 2179 et
2063 2115 2369 2180 animalia
2432 2115 2606 2179 molli
2664 2124 2891 2181 crusta

532 2222 795 2304 intecta,
850 2241 1229 2303 quamquam
1277 2228 1473 2303 caput
1519 2223 1614 2287 eis
1662 2222 1919 2286 omnino
1959 2240 2086 2286 non
2121 2222 2227 2295 sit,
2277 2222 2523 2287 eisdem
2561 2223 2883 2303 sensibuS,

533 2330 640 2410 qui
688 2348 770 2395 ex
827 2337 1090 2411 pectore
1154 2328 1469 2411 originem
1529 2329 1788 2411 ducant,
1850 2328 2150 2394 instructi
2216 2329 2364 2394 sint.
2457 2327 2747 2395 Galenus
2791 2330 2892 2394 ita

533 2437 956 2502 ratiocinatus
1019 2454 1237 2501 eorum
1300 2435 1712 2509 sententiam,
1780 2437 1883 2515 qui
1956 2442 2150 2517 caput
2212 2442 2478 2516 propter
2542 2439 2877 2502 cerebrum

532 2543 863 2609 exstitisse
899 2543 1258 2624 voluerunt,
1306 2542 1629 2608 refutasse
1676 2543 1801 2608 sibi
1840 2542 2098 2607 videtur
2143 2542 2250 2625 (cf.
2282 2562 2343 2623 p.
2376 2542 2552 2627 629).
2623 2543 2884 2609 Deinde

530 2651 900 2731 insequenti
948 2650 1161 2731 capite
1209 2650 1250 2714 5
1297 2652 1381 2731 (p.
1429 2647 1562 2713 630
1585 2685 1626 2693 —
1653 2648 1810 2734 636)
1856 2669 2020 2729 quae
2065 2668 2224 2714 vera
2270 2650 2357 2714 sit
2402 2667 2598 2715 causa
2644 2650 2882 2731 capitis

531 2758 826 2839 plurimis
873 2757 1259 2823 animalibus
1306 2758 1606 2839 generati
1653 2757 2227 2823 demonstrandum
2274 2757 2561 2837 suscipit.
2668 2756 2875 2840 Quam

529 2864 1023 2947 argumentandi
1091 2864 1263 2929 viam
1336 2864 1401 2927 in
1476 2864 1600 2929 hac
1670 2871 1858 2944 parte
1920 2866 2258 2945 ingressus
2330 2864 2418 2929 sit
2476 2864 2624 2929 ideo
2684 2865 2880 2945 paulo

530 2973 894 3037 accuratius
962 2988 1298 3053 exponam,
1363 2971 1528 3050 quod
1595 2989 1671 3037 ex
1731 2971 1855 3036 hoc
1917 2974 2134 3051 capite
2195 2971 2520 3036 Ambrosii
2574 2970 2875 3035 imitandi

529 3077 696 3144 ratio
742 3078 1101 3144 clarissime
1147 3077 1528 3143 illustratur.

708 3183 996 3251 Galenus
1043 3185 1108 3247 in
1157 3183 1596 3265 disputatione
1645 3203 1763 3249 sua
1806 3202 1924 3265 pro
1972 3185 2305 3265 explorato
2336 3184 2540 3250 habet
2583 3184 2671 3266 id,
2704 3184 2871 3264 quod

527 3292 593 3356 in
672 3292 817 3357 aliis
909 3293 1210 3371 operibus
1296 3292 1426 3355 iam
1513 3292 2093 3371 demonstraverat,
2194 3292 2445 3371 scilicet
2534 3293 2873 3356 cerebrum
2910 3336 2916 3347 .

529 3399 811 3463 omnium
859 3416 1160 3464 sensuum
1207 3416 1354 3464 esse
1399 3398 1780 3480 principium
1832 3397 1921 3482 (p.
1969 3394 2143 3482 625).
2234 3398 2491 3464 Deinde
2547 3398 2879 3463 concludit

525 3510 813 3587 propter·
859 3507 1195 3571 cerebrum
1264 3512 1459 3587 caput
1524 3523 1649 3570 non
1714 3523 1861 3570 esse
1920 3505 2184 3587 factum,
2262 3505 2427 3584 quod
2490 3505 2742 3571 cancris
2804 3510 2876 3570 et

527 3614 898 3679 scarabaeis
966 3630 1270 3677 sensuum
1315 3612 1701 3693 principium
1749 3612 1817 3676 in
1866 3618 2125 3690 pectore
2170 3612 2450 3678 locatum
2498 3612 2603 3693 sit,
2660 3629 2878 3692 neque

525 3720 733 3801 magis
779 3725 1048 3799 propter
1093 3737 1184 3799 OS,
1233 3736 1443 3798 aures,
1501 3736 1692 3783 nares
1740 3723 1936 3799 caput
1982 3736 2129 3783 esse
2188 3718 2644 3799 necessarium,
2701 3717 2870 3798 quod

523 3825 647 3889 hae
693 3843 943 3904 quoque
988 3831 1213 3906 partes
1260 3824 1390 3890 illis
1436 3825 1872 3890 animantibus
1916 3825 1986 3889 in
2016 3830 2280 3906 pec-tore
2312 3824 2446 3889 sint
2477 3825 2875 3891 constitutae

524 3927 609 4012 (p.
672 3930 844 4009 630).
935 3932 1165 4012 Itaque
1228 3950 1304 3997 ex
1366 3933 1490 3997 hac
1536 3930 2029 3998 ratiocinatione
2076 3932 2249 3997 effici
2294 3932 2626 3998 existimat
2671 3936 2869 4013 caput

523 4042 790 4116 propter
837 4054 946 4102 eos
994 4057 1224 4104 sensus
1271 4039 1513 4104 factum
1561 4057 1728 4121 esse,
1788 4040 1896 4118 qui
1942 4039 2328 4104 animalibus
2384 4040 2599 4119 capite
2644 4058 2867 4105 caren-

522 4144 700 4209 tibus
755 4143 821 4206 in
885 4149 1147 4223 pectore
1207 4164 1334 4210 non
1401 4146 1594 4212 locati
1641 4147 1793 4227 sint,
1860 4146 1898 4210 i.
1965 4164 2019 4211 e.
2064 4151 2331 4226 propter
2378 4146 2609 4211 oculos
2701 4145 2866 4210 Nam

523 4268 742 4315 eorum
790 4249 986 4314 situm
1047 4268 1244 4332 supra
1304 4270 1618 4317 nummum
1675 4252 1990 4317 verticem
2037 4271 2205 4335 esse,
2271 4258 2344 4317 ut
2386 4252 2594 4319 veluti
2638 4270 2871 4336 specu·

519 4359 762 4424 latores
789 4357 1002 4421 omnia
1025 4358 1314 4437 pericula
1337 4359 1739 4425 imminentia
1766 4359 2148 4425 denuntiare
2173 4360 2424 4439 possint
2442 4356 2867 4440 (631-632).
