3425 5167
1521 434 1966 503 -44-

569 610 675 675 his
708 610 1079 676 auctoribus
1112 612 1622 679 subministratis
1648 615 2057 695 conspicitur.
2113 615 2273 679 Nam
2301 615 2368 679 in
2394 634 2472 681 ea
2496 616 2937 697 expositione,

568 717 638 781 in
699 736 826 797 qua
869 717 1254 784 Ambrosius
1311 734 1394 785 ex
1441 718 1691 785 Galeno
1751 721 2025 802 pendet,
2082 722 2401 804 egregiae
2458 722 2794 788 doctrinae
2854 731 2946 791 et-

570 823 982 891 eruditionis·
1014 843 1087 892 se
1150 832 1448 909 praestat
1492 818 2059 910 investigatorem,
2121 845 2266 894 cum
2313 829 2409 895 eis
2456 823 2635 911 lociS‚
2658 832 2663 836 ’
2685 830 2943 913 quibus-

569 930 866 997 Platonis
913 938 982 997 et
1011 934 1272 1013 Apulei·
1296 934 1595 1016 opinione
1643 926 1916 1017 'physica
1955 936 2204 1017 nititur,
2251 954 2359 1002 res
2391 940 2503 1001 aut
2534 938 2696 1001 satis
2726 937 2923 1002 tritas

569 1043 682 1102 aut
727 1037 930 1105 falsas
976 1040 1284 1121 proferat.
1363 1040 1548 1124 Quod
1599 1051 1668 1108 ut
1713 1047 1895 1108 recte
1934 1043 2303 1125 intellegaS,
2353 1060 2689 1124 compares
2721 1044 2919 1111 velim

566 1146 896 1210 Ambrosii
965 1149 1412 1243 paragraphos
1470 1147 1552 1212 61
1622 1156 1690 1215 et
1739 1146 1850 1213 70:
1910 1150 2126 1215 altero
2197 1146 2335 1215 loco
2407 1151 2596 1216 docta
2654 1150 2921 1217 decreta

567 1254 869 1335 praebet,
929 1272 1094 1334 quae
1164 1262 1388 1321 auctor
1450 1257 1736 1337 corporis
1800 1257 2064 1322 humani
2110 1250 2544 1337 peritissimus
2592 1276 2673 1323 ex
2719 1259 2919 1323 subti-

566 1368 817 1433 lissima
862 1362 1282 1443 inquisitione
1329 1368 1524 1444 atque
1570 1364 2083 1445 investigatione
2112 1364 2489 1447 collegerat,
2538 1365 2744 1431 altero
2775 1365 2941 1430 loco·

565 1474 706 1540 fere
737 1473 1080 1539 ridiculam
1111 1472 1487 1552 comprobat
1517 1472 1903 1553 opinionem,
1940 1490 2103 1551 quae
2135 1491 2280 1537 cum
2311 1472 2604 1538 Platonis
2637 1473 2923 1539 naturali

566 1581 977 1663 philosophia
1023 1596 1181 1646 sane
1229 1580 1396 1645 bene
1443 1580 1765 1644 convenit.
1811 1616 1901 1625 --

746 1686 850 1752 Ex
895 1688 1000 1753 his
1046 1685 1305 1751 indiciis
1351 1685 1667 1767 videmuS,
1718 1704 1907 1766 quam
1945 1687 2180 1751 bonam
2214 1692 2283 1752 et
2314 1685 2549 1753 Galeni
2582 1691 2652 1753 et
2680 1686 2921 1767 Apulei

568 1796 896 1861 scribendi
965 1794 1236 1859 rationis
1298 1792 1585 1875 effigiem
1648 1780 2080 1859 Ambrosiana
2145 1793 2467 1874 expositio
2532 1795 2921 1860 servaverit.

745 1902 925 1984 Quae
973 1920 1118 1967 cum
1165 1900 1260 1965 ita
1306 1900 1468 1981 sint,
1535 1901 1759 1965 statim
1807 1900 1938 1965 alia
1983 1900 2277 1981 quaestio
2325 1901 2580 1965 oriturz⁵
2615 1901 2919 1981 quoniam

562 2010 946 2075 Ambrosius
994 2007 1397 2088 Apuleianae
1443 2007 1745 2072 lectionis
1792 2007 1985 2072 testis
2033 2008 2329 2073 omnibus
2378 2007 2706 2073 codicibus
2753 2008 2919 2073 anti·-

565 2118 750 2197 quior
811 2127 934 2197 est,
1007 2114 1443 2195 quaerendum
1507 2132 1655 2179 esse
1713 2122 1890 2195 puto,
1957 2110 2111 2179 num
2160 2132 2236 2179 eo
2283 2114 2633 2180 adiuvante
2679 2115 2923 2196 Apulei

561 2224 722 2289 locis
786 2222 1085 2305 gemellis
1148 2220 1570 2286 emendandis
1626 2229 1693 2285 et.
1764 2231 1943 2286 recte
1996 2222 2509 2301 interpretandis
2579 2222 2919 2302 quicquam

564 2330 790 2411 profici
853 2330 1076 2411 possit.
1171 2327 1353 2411 Quod
1421 2347 1562 2394 meo
1621 2326 1879 2407 quidem
1928 2328 2162 2394 iudicio
2209 2330 2593 2394 Ambrosius
2639 2348 2713 2395 re
2760 2345 2921 2395 vera

562 2456 1020 2519 nonnunquam
1078 2436 1484 2518 Apuleianae
1555 2438 1923 2517 scripturae
1981 2434 2263 2501 traditae
2326 2435 2688 2501 subsidium
2741 2436 2919 2501 haud

564 2545 1000 2626 spernendum
1062 2542 1315 2626 adfert,
1386 2543 1556 2608 hanc
1615 2562 1753 2607 rem
1816 2542 2141 2607 nonnullis
2205 2544 2519 2623 exemplis
2584 2544 2942 2608 illustrare-

566 2652 726 2716 mihi
772 2651 985 2717 liceat.

635 2870 693 2933 b.
766 2868 878 2931 Dc
937 2866 1134 2931 locis
1204 2864 1656 2944 quibusdam
1730 2864 2201 2947 Apuleianis
2276 2884 2368 2930 ex
2436 2865 2842 2931 Ambrosio

1469 2972 1993 3038 emendandis.

662 3206 666 3209 ἢ
739 3117 983 3184 Omnes
1033 3116 1306 3198 codiceS,
1355 3116 1585 3197 quibus
1611 3116 1848 3197 Apulei
1900 3099 2011 3181 de'
2027 3106 2434 3198 philosophia
2481 3109 2726 3197 scripta
2774 3135 2925 3180 con·

561 3226 874 3307 tinentur,
938 3225 1020 3290 ad
1067 3243 1266 3289 unum
1312 3224 1735 3305 archetypum
1802 3224 2016 3289 redire
2062 3223 2236 3289 inter
2280 3224 2457 3289 viros
2504 3207 2724 3289 doctos
2756 3232 2941 3317 ‘con--

559 3337 709 3399 stat.
789 3331 916 3414 Qui
963 3332 1167 3397 codex
1213 3349 1356 3396 cum
1403 3330 1546 3411 ipse
1593 3331 1765 3395 omni
1814 3330 2187 3397 mendorum
2238 3346 2480 3412 genere
2518 3315 2919 3422 deformatus

559 3447 756 3521 esset,
819 3440 966 3505 libri
1030 3438 1182 3503 inde
1245 3438 1524 3507 derivati
1592 3438 1868 3504 similem
1930 3438 2281 3521 imaginem
2326 3438 2669 3517 praebent:
2716 3453 2917 3517 saepe

557 3564 759 3613 voces
794 3547 1198 3627 omittuntur,
1233 3546 1626 3630 inseruntur,
1663 3545 2108 3627 depravantur
2124 3544 2184 3623 ³).
2236 3543 2506 3607 Codices
2538 3536 2917 3607 dividuntur

556 3653 623 3718 in
657 3654 782 3719 duo
810 3672 1076 3736 genera,
1098 3670 1361 3733 quorum
1396 3652 1584 3717 alteri
1619 3648 2085 3717 adnumerandi
2114 3656 2273 3715 ‘sunt
2302 3649 2437 3715 cod.
2467 3647 2937 3743 Bruxeliensis-

556 3762 679 3843 (B),
730 3762 841 3842 qui
887 3760 1014 3826 fide
1062 3764 1131 3825 e't
1175 3760 1564 3825 auctoritate
1611 3760 1907 3823 omnibus
1941 3758 2177 3823 ceteris
2209 3756 2394 3821 libris
2428 3774 2620 3819 manu
2651 3754 2915 3835 scriptis

555 3866 948 3948 praestat⁹)‚
1029 3866 1210 3933 codd.
1285 3866 1534 3931 Monac.
1611 3862 1730 3949 (Μ)
1800 3872 1867 3930 et
1945 3848 2088 3929 Vat.
2172 3861 2318 3946 (V),
2400 3862 2533 3942 qui,
2569 3874 2651 3927 ex
2697 3861 2936 3963 aliquo-

737 4080 782 4146 ¹)
825 4078 904 4133 De
942 4077 1140 4145 Apulei
1181 4076 1333 4131 codd.
1373 4076 1440 4131 cf.
1480 4075 1848 4131 Goldbacheri
1887 4076 1969 4131 ed.
2009 4075 2179 4143 praef.
2276 4084 2283 4093 ’

732 4188 777 4254 ⁸)
815 4184 884 4239 cf.
943 4200 1082 4252 quae
1129 4185 1196 4239 dc
1243 4186 1346 4239 hoc
1397 4184 1582 4239 codice
1615 4183 1882 4255 disseruit
1917 4183 2152 4238 Thomas
2199 4182 2258 4261 in
2309 4180 2549 4237 editione
2580 4164 2935 4250 '’nuperrime-

552 4274 757 4343 publici
813 4275 951 4329 iuris
1007 4274 1176 4341 facta,
1228 4289 1366 4341 quae
1417 4273 1482 4333 in,
1528 4289 1725 4327 manus
1780 4288 1931 4327 meas
1977 4272 2249 4340 pervenit,
2296 4288 2416 4326 cum
2459 4273 2605 4327 hanc
2644 4279 2932 4327 commen·v

551 4364 818 4419 tationem
857 4364 966 4418 iam
1009 4362 1384 4421 coniecissem.
1420 4434 1426 4441 .
1506 4417 1530 4423 .,
