3425 5167
1427 414 1865 478 ..(53.-

651 594 1050 660 Brevissime
1113 594 1308 659 etiam
1356 594 1737 659 Ambrosius
1801 593 1883 659 de
1942 594 2180 673 pedum
2224 612 2494 658 numer.
2541 592 2821 674 singulis

429 698 898 769 'animantium
943 701 1293 783 generibus
1341 701 1656 766 attributo
1702 688 1919 766 refert¹
1953 699 2119 783 (74):
2173 706 2393 782 „recte
2440 706 2655 766 autem
2688 718 2813 765 non
2868 683 2873 687 v

471 811 715 891 plureS,
764 808 881 873 sed
927 807 1049 873 duo
1098 813 1252 873 sunt
1295 808 1540 874 homini
1571 808 1801 889 pedes;
1851 808 2151 886 quaterni
2193 809 2366 873 enim
2408 808 2612 889 pedes
2652 807 2815 872 feris

459 936 550 983 ‚ac
599 915 806 981 beluis
852 921 1032 997 sunt,
1079 915 1216 980 bini
1264 915 1512 982 avibus.
1561 921 1633 981 et
1673 914 1820 980 ideo
1870 933 2033 979 unus
2082 915 2263 995 quasi
2314 914 2397 979 de
2442 914 2815 980 volatilibus

471 1029 578 1089 est
638 1024 828 1087 homo
849 1020 934 1105 ¹)“
1002 1038 1128 1103 quo
1191 1023 1327 1088 loco
1374 1022 1758 1087 Ambrosius
1824 1026 2052 1102 aperte
2112 1020 2475 1101 perfectam
2528 1022 2815 1103 corporis

469 1129 739 1195 humani
799 1128 1081 1195 indolem
1141 1128 1428 1195 indicare
1477 1129 1634 1195 vult.
1683 1164 1769 1175 --
1828 1127 2120 1195 Galenus
2165 1130 2407 1210 pergit:
2454 1129 2634 1211 μόνῳ
2694 1126 2816 1207 γὰρ

458 1238 647 1321 αὐτῷ
709 1235 822 1319 (SC.
871 1233 1228 1320 ἀνθρώπῳ)
1274 1230 1426 1297 κατ’
1477 1236 1642 1298 εὐθὺ
1690 1244 1817 1297 τῶν
1866 1234 2111 1297 σκελῶν
2166 1233 2197 1320 ἡ
2244 1228 2421 1313 ῥάχις
2472 1231 2683 1304 ἐστίν..
2754 1233 2817 1296 εἰ

454 1337 738 1425 δἀὕτη,
806 1342 1100 1426 δηλονότι
1161 1342 1270 1404 καὶ
1347 1344 1421 1403 τὸ
1482 1342 1638 1403 ἄλλο
1697 1348 1836 1404 πᾶν
1898 1346 2079 1421 σῶμα
2139 1342 2214 1404 τὸ
2272 1326 2434 1424 πρὸς
2490 1341 2605 1428 τὴν
2652 1340 2814 1429 ζῳήν

457 1450 848 1528 ἀναγκαῖον.
918 1438 1055 1511 οἷον
1110 1453 1226 1531 γάρ
1283 1471 1375 1520 τις
1430 1456 1660 1530 τρόπις
1711 1449 1747 1537 ἡ
1814 1452 1987 1532 ῥάχις
2050 1453 2283 1511 τούτου
2344 1458 2459 1511 τοῦ
2526 1450 2815 1527 σώματος

460 1558 753 1639 ὑπάρχει
808 1610 820 1621 .
880 1603 892 1616 .
951 1609 964 1621 .
1021 1562 1244 1636 μόνοις
1319 1554 1388 1619 δὲ
1469 1564 1597 1627 τοῖς
1677 1554 2057 1640 ἀνθρώποις
2136 1551 2251 1617 ἐπὶ
2326 1564 2477 1635 μιᾶς
2550 1558 2815 1627 εὐθείας

457 1661 836 1745 ἐκτέταται,
903 1664 1011 1728 ubi
1075 1663 1361 1730 Galenus
1431 1666 1685 1745 spinam
1750 1665 2097 1729 humanam
2159 1665 2352 1729 simili
2420 1664 2604 1729 modo
2667 1682 2809 1729 cum

455 1771 694 1836 -carina
757 1771 970 1836 navali
1034 1777 1363 1851 comparat
1425 1780 1618 1851 atque
1668 1772 2049 1837 Lactantius
2114 1791 2163 1836 c.
2214 1771 2271 1833 V
2319 1770 2391 1835 4:
2462 1777 2695 1853 „atque
2743 1776 2817 1835 ut

461 1878 680 1961 ipsam
726 1878 1012 1959 corporis
1059 1878 1556 1944 crassitudinem
1602 1877 1875 1943 firmiter
1908 1878 2507 1959 comprehenderet,
2557 1878 2812 1944 maiori-

464 1988 595 2051 -bus
672 1991 741 2051 et
813 1986 1122 2052 brevibus
1200 1984 1453 2051 ossibus
1522 1986 1802 2052 invicem
1872 1986 2197 2067 colligatis
2272 1986 2457 2065 quasi
2526 1986 2812 2051 carinam

455 2092 804 2175 -conpegit,
873 2109 1062 2172 quam
1129 2111 1248 2158 nos
1309 2093 1580 2158 dicimus
1645 2094 1898 2172 spinam
1918 2091 2029 2170 2)“.
2082 2128 2165 2135 -
2213 2093 2288 2156 In
2346 2094 2647 2169 sequenti
2704 2111 2817 2157 ex·

462 2199 792 2283 positione
871 2198 1196 2281 Galenus,
1288 2207 1630 2281 postquam
1718 2199 2189 2265 demonstravit
2266 2200 2461 2264 etiam
2545 2200 2815 2264 sedendi

462 2306 844 2371 iacultatem
879 2306 1035 2371 solis
1065 2306 1432 2371 hominibus
1467 2306 1679 2372 datam
1715 2324 1863 2373 esse
1896 2304 1979 2388 (p.
2008 2306 2403 2389 179—181),
2438 2307 2814 2386 exsequitur

469 2413 792 2479 hominem
840 2414 1134 2479 omnibus
1181 2414 1568 2479 animalibus
1616 2432 1690 2478 eo
1739 2415 1931 2495 longe
1980 2420 2335 2496 praestare,
2384 2414 2550 2495 quod
2599 2413 2811 2479 celsus

456 2526 539 2586 et
583 2526 838 2586 erectus
883 2519 1096 2585 factus
1145 2521 1249 2601 sit,
1297 2520 1413 2585 illa
1461 2524 1678 2586 autem
1727 2521 2018 2601 proiecta
2064 2528 2132 2586 et
2176 2540 2381 2601 prona
2425 2522 2507 2586 cf.
2556 2540 2611 2600 p.
2649 2518 2808 2584 181:

451 2619 625 2688 ὥστ’
689 2624 958 2704 εὐλόγως
1021 2624 1326 2705 εἴπομεν,
1392 2628 1753 2707 ἄνθρωπον
1817 2627 2019 2708 ὀρθὸν
2081 2632 2285 2705 μόνον
2330 2626 2673 2691 ἵστασθαι.
2730 2624 2810 2689 τὰ

453 2726 586 2816 γὰρ
651 2729 810 2795 ἄλλα
881 2732 1032 2817 ζῷα,
1093 2727 1370 2811 τὰμὲν
1439 2732 1710 2815 μᾶλλον,
1796 2728 1873 2795 τὰ
1940 2719 2230 2820 δ’ἧττον,
2300 2734 2564 2797 ἅπαντα
2602 2725 2813 2795 ,δὀῧν

452 2834 611 2901 ἐστι
667 2844 908 2923 πρηνῆ,
958 2844 1206 2921 τρόπον
1252 2834 1637 2919 ὁμοιότατον
1665 2840 2018 2921 βαδίζοντα
2066 2849 2199 2911 τοῖς
2245 2837 2361 2903 ἐπὶ
2406 2850 2533 2902 τῶν
2582 2850 2811 2921 χειρῶν

453 2942 742 3028 ἕρπουσι
801 2949 1120 3028 βρέφεσιν.
1233 2948 1525 3013 Eandem
1603 2948 1969 3028 opinionem
2030 2948 2411 3015 Lactantius
2476 2949 2615 3013 loco
2680 2949 2810 3011 iam

466 3072 670 3133 supra
707 3052 904 3120 allato
936 3054 1056 3119 hoc
1088 3053 1274 3119 modo
1307 3055 1614 3136 exprimit
1645 3074 1696 3121 c.
1728 3054 1893 3119 VIII
1926 3053 1965 3115 2
2019 3072 2201 3136 „cum
2235 3056 2436 3137 igitur
2468 3055 2811 3121 statuisset

453 3160 628 3226 ‹deus
677 3179 759 3226 ex
804 3161 1098 3227 omnibus
1147 3162 1531 3228 animalibus
1579 3162 1785 3227 solum
1832 3162 2155 3228 hominem
2186 3162 2403 3229 facere
2437 3162 2807 3242 caelestem,

449 3274 686 3334 cetera
742 3267 1049 3333 universa
1093 3274 1382 3349 terrena,
1441 3270 1614 3334 hunc
1659 3268 1739 3333 ad
1792 3270 1952 3335 caeli
2002 3270 2610 3352 contemplationem
2656 3269 2809 3351 rigi-

461 3376 616 3439 ‹lum
665 3374 879 3439 erexit
923 3374 1350 3455 bipedemque
1399 3377 1753 3457 constituit,
1805 3377 2057 3445 scilicet
2095 3383 2170 3442 ut
2195 3376 2422 3443 eodem
2456 3380 2806 3457 spectaret,

453 3482 635 3545 -unde
681 3482 780 3545 illi
827 3482 1006 3575 origo
1055 3487 1174 3563 est,
1223 3482 1335 3547 illa
1382 3502 1534 3548 vero
1584 3482 1909 3564 depressit
1956 3483 2033 3547 ad
2084 3491 2343 3565 terram,
2394 3490 2467 3549 ut
2514 3485 2664 3560 quia
2702 3483 2807 3547 his

447 3588 642 3652 mulla
681 3588 1186 3654 immortalitatis
1219 3589 1619 3670 exspectatio
1652 3596 1773 3670 est,
1824 3609 2091 3670 corpore
2122 3591 2189 3654 in
2218 3590 2484 3664 humum
2518 3591 2809 3671 proiecta

452 3695 682 3758 ventri
768 3694 1130 3776 pabuloque
1217 3697 1602 3762 servirent“.
1726 3696 2106 3763 Lactantius
2190 3698 2393 3779 igitur
2478 3698 2811 3762 existimat

457 3797 791 3865 hominem
865 3819 944 3877 ea
1020 3800 1101 3866 de
1172 3822 1370 3868 causa
1446 3804 1640 3869 humo
1715 3805 2064 3869 excitatum
2142 3824 2327 3885 esse,
2408 3810 2481 3869 ut
2516 3798 2521 3801 ’
2558 3804 2807 3869 caelum

649 3993 688 4059 ¹)
725 3992 832 4059 Ea,
882 4009 1016 4060 quac
1055 3994 1441 4061 insequuntur,
1489 3996 1726 4049 fortasse
1775 4014 1841 4051 ex
1883 3998 2087 4051 Basilio
2134 3999 2423 4064 desumpta
2470 4009 2600 4051 nunt
2648 3997 2715 4050 cf.
2755 4014 2807 4064 p.

452 4082 530 4131 ‘13
569 4082 619 4134 h.
661 4098 841 4148 opusc.
2549 4078 2554 4083 ’

640 4168 684 4237 ²)
725 4173 942 4226 Brandt
979 4174 1212 4226 adnotat
1250 4174 1414 4226 etiam
1454 4172 1763 4226 Nemesium
1806 4172 2019 4237 spinam
2060 4188 2179 4225 cum
2221 4173 2409 4226 carina
2438 4174 2626 4227 navali
2666 4191 2805 4229 com·

453 4276 666 4326 parare.
729 4262 796 4315 cf.
827 4262 1040 4317 Nemes.
1067 4279 1118 4329 p.
1158 4263 1285 4313 262:
1328 4260 1391 4314 τὰ
1431 4262 1487 4315 δ’
1525 4262 1658 4314 Con?
1693 4258 1971 4333 στήριγμα
2004 4267 2101 4316 τοῦ
2137 4257 2341 4319 παντὸς
2380 4259 2629 4333 σώματός
2670 4263 2805 4327 ἐστι,

443 4352 552 4401 καὶ
589 4348 828 4422 μάλιστα
872 4350 900 4405 ἧ
942 4349 1110 4425 ῥάχις,
1153 4346 1216 4405 γ’ῗν
1255 4353 1347 4403 καὶ
1388 4346 1579 4419 τρόπιν
1622 4357 1716 4403 τοῦ
1755 4346 1886 4419 ζῳόυ
1925 4351 2093 4417 φασιν
2134 4346 2292 4401 εἶναι.
