3425 5167
1439 498 1863 559 *31-

469 694 776 740 sensuum
823 676 1274 757 instrumenta,
1324 676 1390 739 in
1441 694 1621 759 capp.
1670 674 2052 757 XV—-XVI
2098 675 2385 756 corporiS
2433 676 2725 741 habitum
2757 682 2839 741 et.

465 782 739 863 figuram
788 768 1118 863 describit.
1167 818 1251 826 —

648 890 766 953 His
829 890 1128 969 angustis
1190 888 1426 954 finibus
1493 898 1694 955 totam
1762 889 2049 970 corporis
2112 888 2609 969 descriptionem
2660 888 2837 954 adeo

464 996 1022 1076 circumscriptam
1071 1004 1139 1060 et
1196 1003 1552 1081 coartatam
1600 999 1893 1077 praebet,
1955 1002 2029 1061 ut
2074 996 2386 1076 plurimas
2432 1014 2538 1062 res
2585 998 2839 1062 leviter·

462 1109 710 1168 tantum
777 1105 1199 1184 perstringat.
1291 1102 1486 1185 Quoda
1536 1103 1875 1169 consilium
1924 1103 1990 1167 in
2037 1103 2380 1170 scribendo
2442 1112 2837 1184 persecutus-

469 1210 576 1292 sit,
625 1229 749 1274 non
800 1218 932 1275 tam
981 1212 1046 1273 in
1095 1219 1322 1289 aperto
1371 1218 1473 1276 est
1518 1228 1705 1289 quam
1756 1194 1959 1295 supra
1998 1210 2062 1274 in
2104 1209 2340 1275 Galeni
2388 1210 2833 1293 enarratione,⁴

461 1336 610 1381 nam
677 1318 992 1397 Apuleius
1055 1318 1234 1381 inani
1293 1318 1636 1383 verborum
1696 1303 1977 1397 strepitu
2034 1336 2265 1397 saepe.
2300 1319 2509 1397 magis
2578 1317 2841 1399 gaudet-

463 1442 655 1503 quam
703 1430 1004 1507 accurata
1049 1424 1381 1504 solidaque
1428 1443 1644 1489 rerum
1687 1424 2139 1504 explicatione.
2217 1424 2462 1490 Tamen
2494 1427 2831 1491 neminems

464 1530 740 1613 effugiet
769 1532 1112 1612 Apuleium
1164 1550 1240 1596 co
1271 1532 1634 1612 intendere,
1684 1538 1759 1595 ut
1789 1532 2190 1613 singularum
2224 1531 2499 1629 partium
2535 1532 2821 1598 indolem

459 1638 685 1703 utilem
734 1648 802 1703 et
847 1646 1068 1717 aptam
1117 1657 1264 1703 esse
1312 1638 1631 1704 ostendat.

634 1744 736 1810 Ex
797 1746 900 1810 his
966 1745 1292 1826 capitibus
1340 1748 1725 1811 Ambrosius
1793 1747 1998 1810 multa
2060 1746 2336 1826 arripuit
2404 1754 2471 1811 et
2516 1748 2583 1811 in
2632 1766 2830 1812 suum:

458 1859 805 1919 tractatum
855 1854 1136 1932 recepit.
1251 1852 1432 1935 Quae
1497 1853 1795 1919 imitandi
1859 1853 2027 1917 ratio
2085 1859 2157 1917 ut
2219 1854 2497 1918 dilucide
2565 1854 2819 1920 intelle·

452 1965 666 2041 gatar,
717 1978 833 2027 nos
882 1961 964 2025 ad
1013 1961 1346 2042 singulare
1379 1961 1616 2041 Apulei
1665 1960 1997 2026 scribendi
2044 1979 2253 2041 genus
2301 1961 2514 2025 redire
2547 1979 2819 2027 necesse

453 2066 595 2131 crit.
700 2068 988 2132 Primum
1073 2068 1571 2133 examinandum
1647 2070 1793 2150 erit,
1876 2086 2040 2148 quae
2108 2068 2405 2133 Platonis
2482 2068 2819 2134 doctrinae

451 2175 735 2256 vestigia
805 2194 923 2255 per
987 2176 1356 2256 Apuleium,
1430 2176 1537 2254 qui
1608 2177 1673 2239 in
1745 2176 1869 2240 hac
1936 2184 2122 2254 parte
2193 2177 2451 2239 omnino
2522 2176 2832 2241 Platonis-

449 2280 714 2347 Timaeo
738 2282 988 2362 nititur,
1027 2284 1092 2347 in
1119 2282 1448 2348 Ambrosii
1483 2283 1957 2363 expositionem
1989 2283 2368 2347 invaserint.
2441 2283 2831 2364 Praeterea,

451 2409 594 2455 cum
666 2412 704 2453 a
774 2391 934 2455 viris
998 2390 1203 2456 doctis
1282 2393 1720 2475 exploratum,
1759 2391 1846 2455 sit
1919 2390 2266 2470 Apuleium
2336 2390 2398 2452 in
2472 2390 2821 2469 scribendo

459 2498 710 2577 priscae
789 2497 1097 2563 orationis
1177 2499 1454 2565 colorem
1534 2498 1971 2580 affectavi-sse,
2056 2498 2513 2563 vocabulorum
2589 2498 2831 2561 formis-

459 2604 669 2669 minus
765 2606 1053 2684 usitatiS,
1125 2605 1601 2687 ⁴deminutivis,
1681 2605 2061 2687 vulgaribus
2136 2603 2520 2683 indulsisse,
2616 2605 2831 2669 verba.

459 2712 806 2777 secundum
880 2714 1208 2777 rhetorum
1274 2713 1354 2777 do
1420 2714 1726 2778 clausulis
1784 2722 2135 2793 praecept-a
2204 2711 2560 2792 delegisse,
2628 2712 2822 2776 nobis

462 2820 900 2896 quae1·‹-11‹1m11
949 2821 1093 2899 erit,
1144 2838 1310 2898 quae
1356 2821 1761 2899 Apuleianae
1810 2819 2110 2884 dictionis
2157 2818 2595 2913 proprietates
2642 2818 2819 2899 apud

457 2926 869 2989 Ambrosium
918 2926 1347 3005 reperiantur.
1400 2961 1479 2968 —-

633 3030 902 3094 Initium
970 3031 1282 3095 faciamus
1353 3051 1392 3095 a
1461 3032 1678 3111 capite
1748 3030 1936 3111 XIII,
2006 3032 2073 3095 in
2145 3049 2267 3109 quo
2340 3031 2649 3101 Apuleius
2730 3032 2819 3096 de

454 3136 663 3201 tribus
714 3137 965 3202 animae
1013 3138 1308 3218 partibus
1354 3139 1604 3203 locutus
1653 3137 1939 3218 exponit,
1999 3156 2189 3223 qua-m
2250 3137 2553 3203 eximium
2602 3139 2819 3202 locum

454 3251 648 3322 caput
693 3244 867 3308 inter
913 3250 1133 3309 cetera
1191 3247 1480 3311 membra
1535 3252 1776 3311 teneat.
1870 3244 2052 3327 Quod
2109 3246 2426 3326 Apuleius
2482 3241 2603 3309 h'oc
2648 3245 2815 3326 loco,

453 3370 638 3429 quem
728 3351 1102 3417 Ambrosius
1184 3352 1564 3417 imitandum
1643 3353 1767 3418 sibi
1848 3354 2202 3433 proposuit,
2293 3352 2435 3433 ipse
2514 3351 2831 3417 Platonis-

451 3458 817 3539 exemplum
907 3469 1061 3524 ante
1149 3461 1365 3524 oculos
1444 3461 1698 3541 habuit,
1794 3460 2068 3540 primum
2156 3460 2350 3524 huius
2428 3458 2828 3539 principalis:

449 3567 730 3630 auctoris
800 3565 1008 3631 locum
1079 3566 1446 3632 afferamus.
1564 3567 1752 3631 Plato
1824 3567 1995 3631 enim
2060 3568 2332 3647 praebet
2393 3567 2557 3631 haec
2622 3566 2808 3647 (Tim.

447 3672 532 3733 44
556 3670 589 3709 ¹)
621 3654 687 3719 *-
715 3659 930 3757 45Ἀ);
981 3681 1190 3757 τοῦτο,
1241 3667 1277 3733 ὃ
1324 3682 1444 3735 νῦν
1489 3670 1781 3759 κεφαλὴν
1828 3668 2341 3752 ἐπονομάζομεν,
2391 3665 2428 3732 ὃ
2458 3667 2831 3733 θειότατόν·

451 3774 582 3841 ἐστι
628 3780 737 3841 καὶ
785 3788 912 3842 τῶν
960 3774 1031 3841 ἐν
1085 3778 1236 3866 ἡμῖν
1285 3776 1554 3843 πάντων
1600 3780 1987 3867 δεσποτοῦν.
2053 3765 2101 3860 ᾧ
2148 3779 2258 3841 καὶ
2306 3781 2445 3839 πᾶν
2493 3772 2562 3839 τὸ
2614 3786 2830 3857 σῶμα.

450 3886 818 3967 παρέδοσαν
866 3890 1232 3971 ὑπηρεσίαν
1267 3889 1441 3973 αὐτῷ
1475 3889 2017 3970 ξυναθροίσαντες
2048 3889 2218 3968 θεοί,
2268 3885 2803 3973 κατανοήσαντες,

447 3990 549 4053 ὅτι
591 4000 846 4053 ··πασῶν
913 3984 1061 4055 ὅσαι
1131 3994 1409 4080 κινήσεις
1474 3990 1732 4055 ἔσοιντο
1791 3997 2052 4073 μετέχοι
2100 4044 2111 4055 .
2162 4046 2173 4057 .
2225 4046 2237 4058 .
2287 4046 2299 4057 .
2347 3989 2556 4075 ὄχημα
2631 3992 2826 4077 αὐτῷ

445 4106 636 4158 τοῦτο
679 4099 788 4159 καὶ
837 4100 1152 4183 εὐπορίαν
1201 4097 1432 4163 ἔδοσαν
1465 4153 1477 4165 .
1530 4153 1541 4165 .
1590 4154 1601 4165 .
1653 4100 1849 4183 σκέλη
1893 4099 2018 4179 μὲν
2067 4095 2181 4163 οὗν
2230 4103 2433 4183 χεῖρές
2481 4120 2552 4162 τε
2601 4102 2819 4187 ταύτῃ·

443 4205 553 4266 καὶ
597 4198 701 4267 διὰ
765 4215 970 4268 ταῦτα
1020 4211 1313 4289 προσέφυ
1373 4210 1552 4273 πᾶσι.
1646 4208 1851 4290 Quem
1897 4208 2106 4274 locum
2149 4208 2463 4288 Apuleius
2510 4208 2809 4271 imitatur

441 4313 562 4378 hoc
626 4312 811 4379 modo
874 4317 1160 4394 „totum
1225 4332 1410 4379 vero
1480 4315 1863 4380 hominem
1933 4314 2016 4378 in
2090 4315 2349 4395 capite
2427 4315 2825 4394 vultuque-

441 4438 618 4485 osse
681 4417 796 4502 (sc.
862 4418 998 4503 ait),
1069 4439 1219 4485 nam
1281 4420 1690 4500 prudentiam
1760 4439 2119 4500 sensusque
2182 4421 2389 4486 omnis
2442 4438 2571 4484 non
2640 4420 2823 4485 alias·
