3425 5167
1425 471 1869 537 -59-

474 651 643 733 quod
691 653 793 718 vir
856 654 1082 718 doctus
1143 651 1314 717 hanc
1373 669 1514 718 rem
1575 651 1787 716 obiter
1838 656 2089 717 tantum
2138 651 2202 715 in
2252 651 2533 715 transitu
2580 648 2844 731 attigit,u

472 760 661 825 nobis
709 757 944 825 Galeni
997 760 1172 825 locos
1233 758 1481 824 similes
1537 759 1731 839 paulo
1787 757 2150 825 accuratius
2196 757 2568 823 examinare
2615 758 2824 823 liceat.

472 868 638 931 Nam
703 866 1019 947 exemplis
1081 884 1118 931 e
1165 862 1402 931 Galeni
1461 866 1649 930 libris
1714 864 2049 929 arcessitis
2110 882 2191 931 ea
2223 863 2599 929 'confirmari
2646 870 2820 945 put0‚

472 991 638 1054 quae
706 974 788 1039 de
858 972 1185 1039 Lactantii
1257 978 1326 1039 et
1386 973 1712 1037 Ambrosii
1782 972 2053 1037 fontium
2127 972 2568 1039 communione
2636 970 2845 1036 modo·

469 1081 835 1146 statuimus.
882 1114 968 1129 -

653 1186 974 1254 Galenum
1018 1188 1086 1251 in
1134 1186 1265 1251 illis
1302 1187 1487 1252 libris
1519 1186 1723 1251 multa
1756 1184 2116 1251 Stoicorum
2148 1186 2399 1251 ratione
2431 1185 2842 1266 describere,.

473 1295 628 1375 quin
691 1295 886 1360 etiam
949 1296 1125 1374 ipsos
1191 1292 1442 1359 Stoicos
1515 1298 1815 1359 auctores
1886 1292 2234 1374 compilare
2294 1296 2565 1357 constat.
2670 1290 2823 1361 Jam

471 1420 671 1482 supra
735 1401 1154 1483 cognovimus
1220 1400 1594 1465 Ciceronem
1661 1405 1758 1465 et·
1792 1398 2106 1465 Galenum
2171 1398 2254 1465 de
2308 1400 2634 1464 oculorum
2687 1398 2821 1471 situ

471 1509 904 1574 munitissimo
981 1508 1143 1573 mire
1211 1508 1597 1573 consentire.
1720 1505 2147 1587 Comparandi
2218 1524 2415 1572 cansa
2488 1504 2844 1585 utriusque-

471 1616 811 1696 scriptoris
874 1615 1048 1679 locos
1119 1615 1366 1680 similes
1431 1614 1762 1679 subiciam.
1872 1612 2163 1679 Galenus
2226 1613 2385 1677 dicit
2447 1632 2502 1692 p.
2553 1610 2683 1677 790
2727 1611 2822 1676 K:

470 1720 588 1793 τὰς
630 1720 754 1801 μὲν
802 1720 1190 1803 βλεφαρίδας
1237 1709 1376 1783 οἷον
1430 1715 1679 1803 χάρακά
1737 1742 1887 1783 τινα
1943 1728 2070 1781 τῶν
2123 1728 2368 1802 μικρῶν
2427 1714 2619 1781 ἕνεκα
2666 1740 2823 1799 προ-

472 1830 666 1901 τάξας
711 1824 1046 1909 σωμάτων,
1096 1822 1179 1900 ὥς
1223 1826 1314 1914 μὴ
1361 1820 1595 1910 ῥᾳδίως
1627 1822 1992 1907 ἐμπίπτειν
2040 1822 2355 1909 ἀνεῳγόσι
2397 1834 2535 1898 τοῖς
2574 1821 2821 1907 ὀφθαλ-

467 1943 616 2015 μοῖς
662 1928 793 1997 timi
837 1944 966 1997 τῶν
1008 1938 1239 2018 τριχῶν
1270 1938 1516 1996 τούτων
1563 1930 2009 2018 ἀπειργόμενα
2058 1985 2072 1998 .
2122 1985 2134 1998 .
2184 1982 2197 1996 .
2231 1927 2397 2018 πρὸς
2426 1932 2493 1997 δὲ
2538 1932 2657 2020 τὴν
2696 1935 2846 1994 τῶν·

472 2039 570 2105 ἔτι
599 2038 908 2122 μειζόνων
940 2038 1144 2121 ὄγκων
1178 2040 1543 2128 προσβολὴν
1575 2037 1839 2104 ἄνωθεν
1862 2041 1983 2112 μὲν
2012 2034 2127 2111 τὰς
2156 2036 2359 2123 ὀφρῦς
2392 2036 2821 2123 προῦτάξατο,

468 2146 771 2212 κάτωθεν
816 2148 886 2211 δὲ
934 2143 1252 2235 τά·μῆλα,
1313 2143 1475 2210 κατὰ
1534 2142 1648 2210 τὸν
1692 2152 1901 2227 με’γαν
1958 2142 2211 2209 κάνθον
2257 2145 2374 2233 τὴν
2420 2141 2568 2226 ῥῖνα
2618 2195 2633 2209 .
2684 2200 2696 2212 .
2746 2201 2757 2212 .
2809 2200 2825 2215 .

468 2278 530 2339 p.
580 2256 708 2321 794
759 2255 828 2320 αἱ
871 2256 998 2335 μὲν
1034 2252 1105 2318 ἐν
1150 2264 1294 2326 ταῖς
1332 2251 1603 2338 ὀφρύσιν
1641 2254 1903 2338 (τρίχες)
1952 2247 2136 2317 ἅπαν
2185 2250 2253 2315 τὸ
2297 2246 2653 2337 καταρῥέον
2686 2249 2823 2316 ἀπὸ

467 2372 584 2425 τοῦ
631 2366 940 2444 μετώπου
987 2383 1058 2424 τε
1115 2363 1226 2425 καὶ
1271 2368 1380 2449 τῆς
1427 2361 1709 2449 κεφαλῆς
1759 2359 2254 2443 ὑποδεχόμεναι,
2304 2363 2464 2443 πρὶν
2508 2359 2842 2440 ἐμπεσεῖν·

471 2479 605 2543 τοῖς
667 2466 1034 2554 ὀφθαλμοῖς
1083 2523 1094 2535 .
1145 2522 1158 2535 .
1208 2522 1220 2534 .
1271 2522 1282 2535 .
1347 2470 1633 2553 Quocum
1699 2473 1779 2535 cf.
1837 2470 1964 2536 Cic.
2021 2471 2123 2535 De
2170 2454 2529 2536 nat'deor.
2577 2469 2645 2534 ΙΙ
2695 2468 2823 2533 143

477 2580 937 2662 „Munitaeque
997 2585 1151 2644 sunt
1212 2579 1563 2659 palpebrae
1620 2586 1948 2659 tamquam
1998 2579 2169 2643 vallo
2230 2579 2525 2659 pilorum,
2589 2578 2841 2657 quibus-

473 2692 542 2753 et
585 2686 830 2766 apertis
878 2687 1099 2765 oculiS,
1149 2685 1207 2751 si
1255 2687 1407 2764 quid
1454 2687 1797 2767 incideret,
1844 2686 2275 2765 repelleretur
2324 2737 2338 2749 .
2384 2738 2397 2752 .
2447 2736 2459 2749 .
2511 2736 2523 2749 .
2581 2686 2827 2751 Latent

471 2802 815 2875 praeterea
884 2794 1135 2859 utiliter
1206 2802 1274 2858 et
1342 2795 1618 2859 excelsis
1697 2793 1980 2871 undique
2055 2794 2351 2875 partibus
2428 2794 2825 2873 saepiuntur.

471 2900 760 2964 Primum
818 2900 988 2963 enim
1037 2901 1376 2979 superiora
1430 2900 1797 2980 superciliis
1854 2900 2133 2964 obducta
2178 2900 2475 2965 sudorem
2525 2919 2563 2964 a
2610 2901 2843 2982 capite·

475 3012 544 3071 et
589 3005 802 3071 fronte
836 3004 1225 3069 defluentem
1257 3006 1603 3085 repellunt.
1665 3023 1876 3087 genae
1915 3006 2147 3071 deinde
2180 3007 2262 3071 ab
2291 3006 2597 3071 inferiore
2636 3016 2827 3087 parte

417 3196 422 3199 ,
471 3118 774 3178 tutantur
820 3112 1152 3177 subiectae
1207 3113 1570 3190 leniterque
1618 3114 1999 3194 eminenteS,
2066 3129 2390 3192 nasusque
2437 3114 2530 3177 ita
2574 3113 2841 3178 locatus-

473 3226 595 3303 est,
654 3226 726 3285 ut
782 3219 968 3299 quasi
1015 3239 1235 3285 murus
1296 3220 1498 3285 oculis
1554 3220 1938 3285 interiectus
1986 3238 2134 3285 esse
2181 3217 2540 3286 videatur“.
2631 3220 2823 3286 Vide·

473 3348 616 3394 mus
682 3327 1013 3393 Ciceronis
1076 3333 1145 3392 et
1207 3326 1442 3395 Galeni
1497 3329 1673 3394 locos
1735 3329 1829 3392 ita
1890 3328 2285 3409 conspirare,
2348 3336 2422 3392 ut
2481 3334 2841 3409 utrumque·

468 3436 854 3517 scriptorem
939 3454 1023 3501 ex
1096 3439 1371 3516 cognato
1466 3434 1645 3499 fonte
1734 3434 1947 3500 Stoico
2031 3434 2332 3501 hausisse
2408 3434 2822 3500 manifestum

473 3544 578 3609 sit.
626 3578 706 3587 —-
761 3542 1119 3609 Praeterea
1165 3559 1247 3606 ex
1292 3542 1417 3607 alio
1465 3542 1759 3621 exemplo
1792 3541 2115 3607 evincitur
2146 3539 2466 3607 Galerium
2496 3542 2841 3608 nonnullis-

469 3650 631 3715 locis
697 3649 892 3715 simili
956 3648 1320 3715 eruditione
1382 3649 1504 3713 niti
1551 3656 1748 3728 atque
1814 3649 2166 3727 scriptores
2232 3666 2431 3728 supra
2476 3648 2823 3715 adhibitos

476 3756 1066 3822 Animadvertimus
1102 3755 1275 3820 enim'
1309 3754 1687 3821 Ciceronem
1715 3754 2126 3820 Lactantium
2156 3754 2526 3821 Nemesium
2551 3756 2823 3821 Ambro-

475 3860 644 3924 sium
685 3880 760 3926 co
791 3864 1182 3942 consentire,
1231 3863 1402 3942 quod
1436 3863 1667 3928 dentes
1716 3863 2033 3941 genuinos
2066 3869 2393 3940 tamquam
2426 3862 2628 3927 molas
2676 3881 2839 3929 esse

475 3967 785 4047 dicerent,
846 3971 1080 4048 quibus
1127 3970 1311 4035 cibus
1357 3970 1784 4051 interpositus
1851 3976 2298 4036 contereretur
2344 3978 2412 4036 et
2457 3971 2822 4035 moleretur.

474 4074 830 4140 Praeterea
867 4075 1205 4141 Nemesius
1252 4083 1322 4142 et
1351 4077 1734 4142 Ambrosius
1778 4078 2068 4158 linguam
2116 4094 2258 4145 cum
2307 4096 2499 4141 manu
2547 4075 2827 4155 quadam

475 4191 1033 4263 comparaverunt,
1067 4197 1196 4261 qua
1225 4182 1586 4249 defluentes
1618 4183 1749 4249 cibi
1779 4182 2085 4249 dentibus
2115 4202 2339 4248 rursus
2364 4184 2836 4265 colligerentur

474 4294 544 4355 et
587 4289 1253 4356 subministrarentur.
1346 4291 1516 4355 Fere
1578 4290 1753 4356 idem
1787 4290 2021 4356 refert
2076 4289 2384 4370 GalenuS‚
2449 4290 2578 4372 qui,
2645 4299 2821 4371 post-

477 4414 672 4479 quam
720 4397 802 4463 de
847 4398 1314 4477 temporalibus
1377 4406 1445 4463 et
1504 4398 2027 4463 masticatoribus
2090 4398 2394 4462 musculis
2442 4400 2598 4481 egit,
2659 4399 2837 4465 haec
