3425 5167
1553 513 1971 575 „32-

562 708 787 769 uquam
832 689 948 754 illa
993 697 1180 771 parte
1248 691 1536 771 corporis
1593 692 1932 757 contineri.
2028 702 2295 759 cetera
2351 695 2543 758 enim
2608 694 2841 757 memb
2867 714 2952 757 ra.

562 796 962 862 ..ancillari
1009 806 1086 862 et
1132 797 1592 889 subservire
1640 800 1911 879 capiti,
1962 800 2139 872 cibos
2173 807 2237 875 et
2272 800 2402 864 alia
2432 800 2949 881 subministrare,

566 911 914 969 ·vectare
990 905 1223 969 etiam
1305 893 1636 969 sublime
1714 892 2075 987 positum
2132 917 2216 969 ut
2294 907 2675 971 dominum
2753 914 2951 987 atque

567 1010 977 1076 »rectoremf‘
1072 1011 1280 1077 Simili
1346 1012 1530 1078 modo
1581 1013 1963 1078 Ambrosius
2020 1015 2086 1078 in
2141 1033 2397 1096 paragr.
2457 1014 2541 1076 57
2591 1014 2670 1078 de
2718 1014 2951 1093 capit-is

572 1119 1000 1198 tpraestantia
1045 1119 1361 1200 disputat:
1411 1119 1620 1202 „Quid
1671 1120 1813 1185 sinc
1861 1122 2075 1201 capite
2124 1129 2227 1186 est
2271 1121 2479 1203 hom0,
2531 1139 2692 1185 cum
2737 1127 2951 1185 totus

563 1227 670 1289 ··in
722 1227 984 1304 capite
1023 1225 1173 1291 sit?
1225 1240 1372 1290 cuin
1437 1234 1632 1307 caput
1692 1228 1955 1301 videris,
2014 1228 2339 1293 hominem
2396 1229 2695 1309 agnoscis
2753 1280 2764 1290 .
2817 1279 2829 1291 .
2878 1227 2957 1311 .¹)

571 1351 728 1397 ·non
777 1334 1078 1399 inmerito
1124 1334 1328 1413 igitur
1358 1335 1508 1398 huic
1556 1337 1737 1413 quasi
1784 1336 2139 1399 consultori
2172 1354 2285 1399 suo
2319 1344 2587 1400 cetera
2620 1338 2954 1401 membra

571 1440 1086 1506 ziamulantur
1133 1449 1200 1505 et
1246 1440 1706 1505 circumferunt
1754 1441 1918 1505 illud
1966 1442 2244 1506 servili
2295 1442 2732 1517 gestamine
2788 1442 2956 1507 sicut

601 1566 834 1613 numen
895 1554 1130 1628 atque
1184 1548 1257 1625 in
1318 1548 1630 1613 sublimi
1679 1548 2013 1614 locatum
2073 1550 2394 1613 vehunt:
2443 1549 2614 1613 unde
2662 1550 2956 1615 censoria

573 1661 928 1738 ‚potestate
975 1674 1098 1734 quo
1145 1655 1287 1719 vult
1333 1654 1557 1736 dirigit
1619 1656 2017 1735 quorundam
2070 1656 2380 1735 obsequia
2441 1657 2841 1721 servulorum
2888 1662 2958 1721 et

604 1772 953 1844 praecepta
1017 1762 1290 1843 singulis
1354 1764 1651 1827 obeunda
1713 1763 2024 1828 decernit.
2139 1763 2363 1827 videas
2420 1763 2794 1843 imperatori
2842 1781 2957 1827 sno

572 1871 864 1952 :singula
908 1870 1195 1952 gratuito
1244 1868 1568 1949 stipendio
1617 1870 1922 1951 militare,
1972 1871 2101 1934 alia
2150 1878 2431 1951 portant,
2492 1871 2620 1934 alia
2666 1876 2957 1950 pascunt,

589 1978 734 2042 ‚alia
802 1976 1163 2042 defendunt
1230 1978 1336 2042 vel
1404 1977 1833 2041 ministerium
1915 1995 2098 2041 suum
2171 1978 2504 2058 exhibent,
2588 1985 2821 2057 parent
2890 1986 2961 2041 ut

596 2086 902 2166 principi,
973 2084 1452 2148 ancillantur
1524 2096 1601 2147 ut
1671 2084 1979 2149 domino
2038 2135 2049 2146 .
2118 2136 2129 2147 .
2188 2133 2200 2145 .
2264 2086 2520 2165 imago
2592 2082 2959 2163 quaedam

602 2193 841 2257 animi
888 2191 1234 2270 loquitur
1281 2193 1351 2254 in
1396 2192 1612 2255 vultu
1662 2242 1674 2253 .
1726 2244 1738 2255 .
1789 2192 1844 2253 .·‘

792 2298 1096 2364 Videmus
1130 2300 1537 2364 Ambrosium
1591 2306 1918 2363 auctorem
1968 2318 2148 2362 suum
2200 2304 2329 2362 tam
2367 2298 2719 2363 artificioso
2769 2308 2965 2377 atque

576 2408 876 2489 .-egrv;„ri0
924 2407 1244 2471 imit-atum
1303 2424 1468 2483 esse,
1533 2421 1602 2470 ut
1649 2408 1789 2470 eius
1852 2406 2179 2470 scribendi
2244 2408 2411 2469 ratio
2469 2424 2719 2469 summa
2773 2405 2966 2469 laude

577 2514 809 2596 -digna
855 2514 957 2577 sit,
1053 2513 1256 2596 Quam
1308 2514 1478 2580 exile
1525 2519 1593 2578 et
1639 2532 1931 2593 pressum
1996 2523 2099 2577 cst
2144 2513 2379 2593 Apulei
2428 2513 2683 2577 dicendi
2740 2530 2965 2593 genuS,

577 2641 775 2701 &quae
806 2623 1149 2687 verborum
1198 2632 1265 2685 et
1309 2621 1664 2702 imaginum
1713 2620 2116 2686 abnndantia
2163 2620 2227 2682 in
2268 2620 2595 2685 Ambrosii
2644 2618 2961 2685 oratione!

611 2728 927 2808 Apuleius
1000 2733 1197 2807 caput
1271 2747 1414 2792 cum
1490 2728 1745 2793 domino
1812 2726 2084 2807 quodam
2152 2732 2221 2791 et
2292 2739 2545 2793 rectore
2616 2734 2964 2806 comparat,

610 2836 995 2901 Ambrosius
1041 2835 1225 2916 largo
1266 2842 1486 2915 ‚atque
1542 2836 1866 2901 uberrimo
1917 2837 2259 2900 verborum
2307 2843 2540 2898 ornatu
2613 2852 2767 2899 usus
2825 2852 2967 2897 cum

577 2944 1011 3023 -consultore,
1076 2942 1370 3023 numine,
1435 2961 1734 3024 censore,
1802 2943 2224 3025 imperatore,
2298 2942 2620 3022 principe,
2694 2940 2966 3006 domino.

614 3051 928 3131 Apuleius
977 3051 1136 3115 satis
1193 3050 1407 3115 ieiune
1454 3050 1658 3115 refert
1728 3056 1971 3131 „totum
2020 3069 2174 3115 vero
2236 3050 2560 3114 hominem
2626 3050 2692 3114 in
2756 3048 2969 3129 capite

579 3157 927 3236 ·vultuque
977 3176 1120 3222 esse
1170 3206 1181 3217 .
1233 3161 1286 3221 ,⁴⁴
1319 3158 1727 3223 Ambrosius
1776 3165 2014 3233 autem,
2064 3158 2167 3236 qui
2220 3156 2533 3235 liquidum
2586 3164 2653 3220 et
2684 3155 2970 3221 vividum

581 3283 980 3330 esermonem
1042 3264 1304 3329 efficere
1367 3264 1608 3345 studet,
1672 3266 2037 3346 interrogat
2120 3264 2321 3346 „Quid
2393 3264 2533 3327 sine
2600 3262 2813 3342 capite
2870 3270 2974 3326 est

616 3368 835 3446 hom0,
898 3385 1042 3431 cum
1103 3375 1279 3433 totus
1342 3367 1409 3430 in
1473 3367 1688 3448 capite
1751 3365 1917 3432 sit?“
2017 3368 2331 3447 Apuleius
2394 3370 2554 3431 nihil
2624 3369 2783 3434 dicit
2845 3368 2968 3432 nisi

586 3476 952 3556 -‚,men1bra
985 3526 997 3539 .
1033 3525 1045 3537 .
1077 3522 1088 3535 .
1141 3475 1319 3539 cibos
1367 3480 1436 3538 et
1481 3474 1612 3538 alia
1658 3475 2154 3539 subministrare
2190 3522 2201 3534 .
2237 3480 2288 3533 .“
2342 3475 2723 3538 Ambrosius
2756 3482 2967 3538 autem

585 3583 1008 3662 ..anapliorae,
1059 3600 1221 3659 quae
1270 3579 1526 3662 dicitur,
1557 3568 1792 3662 'figura
1842 3600 1994 3645 usus
2042 3581 2421 3660 pronuntiat
2473 3580 2798 3658 „membra
2844 3629 2854 3639 .
2902 3628 2912 3639 .
2958 3627 2969 3639 .

585 3689 744 3753 ,alia
779 3695 1061 3769 portant,
1112 3690 1240 3753 alia
1273 3700 1565 3769 pascunt,
1616 3690 1747 3752 alia
1795 3688 2152 3753 defendunt
2185 3688 2288 3751 vel
2325 3685 2750 3749 ministerium
2786 3702 2967 3748 suum

621 3796 934 3861 exhibent
969 3843 982 3855 .
1022 3796 1074 3856 .“
1158 3796 1346 3860 Adde
1381 3795 1655 3875 Vergilii
1689 3812 1940 3874 versus,
1992 3812 2148 3870 quos
2187 3792 2566 3856 Ambrosius
2615 3788 2973 3855 exornandi

585 3920 816 3966 -causa
862 3901 929 3964 in
988 3903 1267 3966 auctoris
1326 3901 1690 3966 sententias
1738 3901 2071 3980 inspersit,
2126 3910 2194 3962 ut
2242 3916 2611 3980 cognoscas,
2664 3905 2970 3977 quantum

585 4025 855 4087 operae
911 4007 978 4071 in
1042 4008 1278 4086 Apulei
1343 4008 1702 4072 elocutione
1766 4007 2186 4086 perpolienda
2248 4014 2316 4070 et
2372 4005 2726 4071 excolenda
2787 4005 2980 4069 collo*

585 4114 886 4179 caverit.

801 4222 1154 4286 Praeterea
1190 4223 1606 4288 observamus
1640 4220 2051 4285 Ambrosium
2084 4221 2408 4285 nonnullis
2442 4221 2506 4283 in
2551 4221 2747 4284 rebus
2781 4219 2979 4283 etiam

804 4452 845 4517 ¹)
886 4448 1258 4516 Insequuntur
1294 4452 1398 4505 loci
1439 4467 1467 4506 e
1504 4448 1755 4519 Vergilio
1796 4450 2084 4516 desumpti.
