3425 5167
1545 480 1631 487 ,-
1725 442 1811 505 64
1918 480 1990 487 --

595 620 890 702 aspicere
937 605 1176 701 posset.
1267 621 1450 686 Idem
1513 622 1759 703 cogitat
1806 620 2124 704 Galenus,
2186 622 2294 701 qui
2342 623 2510 687 hauc
2556 624 2953 690 sententiam

591 728 912 813 copiosius
961 735 1028 793 et
1074 728 1340 793 uberius
1389 729 1765 809 exsequitur
1812 726 2020 813 (182):
2068 728 2142 790 τὰ
2174 724 2243 791 δ’
2276 726 2563 805 οἴεσθαι,
2615 727 2719 793 διὰ
2753 726 2951 793 τοῦτο

591 831 805 917 ὀρθῶς
884 832 1156 897 ἑστάναι
1211 835 1326 897 τὸν
1388 834 1781 914 ἄνθρωπον,
1846 832 1933 896 ἵν’
1998 833 2089 907 εἰς
2156 836 2271 898 τὸν
2335 836 2615 916 οὐρανὸν
2678 834 2955 916 ἑτοίμως

595 940 952 1030 ἀναβλέπῃ,
1006 942 1113 1003 καὶ
1161 941 1366 1021 λέγειν
1409 938 1518 1031 ἔχῃ
1553 937 1937 1023 „nm-amm
1973 944 2135 1019 πρὸς
2160 940 2501 1022 Ὄλυμπον
2534 944 2951 1031 ἀταρβήτοισι

597 1050 1032 1131 προσώποιςίι,
1094 1045 1468 1131 ἀνθρώπων
1510 1052 1632 1127 μέν
1682 1046 1863 1111 ἐστιν
1914 1051 2028 1127 οὐχ
2090 1047 2465 1134 ἑωρακότων
2517 1050 2950 1113 οῦδεπώποτε

591 1157 706 1219 τὸν
766 1155 1168 1234 καλούμενον
1225 1158 1723 1239 οὕρανοσκόπον
1772 1154 1992 1233 ἰχθύν·
2058 1159 2140 1227 ὡς
2190 1144 2377 1227 οὗτός
2420 1177 2511 1239 γε,
2579 1147 2703 1239 κᾷν
2751 1155 2814 1220 εἰ
2854 1156 2957 1245 μὴ

594 1262 906 1344 βούλοιτο,
961 1264 1124 1345 πρὸς
1170 1257 1282 1324 τὸν
1329 1254 1608 1346 οὐρανὸν
1657 1261 1762 1325 ἀεὶ
1793 1262 2039 1343 βλέπει,
2091 1264 2447 1345 ἄνθρωπος
2480 1264 2569 1344 δὲ,
2622 1262 2798 1353 εἰμὴ
2833 1259 2960 1326 τὸν

595 1370 910 1454 τράχηλον
976 1368 1398 1433 ἀνακλάσειεν
1461 1367 1552 1440 εἰς
1605 1372 1927 1453 τούπίσω,
1993 1365 2105 1432 τὸν
2154 1364 2433 1454 οὐρανὸν
2486 1374 2603 1435 οὐκ
2650 1372 2733 1433 ἄν
2782 1392 2947 1433 ποτε

593 1480 928 1542 θεάσαιτο.
1011 1480 1189 1539 τουτὶ
1252 1476 1321 1539 δὲ
1383 1472 1455 1538 τὸ
1521 1475 1811 1559 ἀνακλᾷν
1876 1480 1949 1541 οὗ
2012 1472 2190 1563 μόνῳ
2254 1478 2599 1563 δήπουθεν
2667 1476 2949 1562 ὑπάρχει

593 1590 799 1667 τούτῳ
848 1588 935 1669 τῷ
981 1580 1135 1669 ζῴῳ,
1187 1579 1324 1646 ἀλλ’
1362 1584 1548 1648 οὐδὲν
1580 1570 1773 1669 ἧττον
1819 1586 1929 1646 καὶ
1976 1592 2111 1656 τοῖς
2154 1582 2346 1667 ὄνοις,
2398 1583 2505 1648 ἵνα
2554 1586 2961 1669 παραλείπω·

593 1692 742 1762 τοὺς
789 1690 1349 1777 μακροτραχήλους
1395 1688 1667 1774 ὄρνιθας
1715 1738 1725 1755 .
1768 1738 1783 1753 .
1821 1744 1833 1755 .
1881 1686 1953 1754 τὸ
2003 1690 2075 1755 δὲ
2121 1691 2282 1776 μηδὲ
2331 1692 2680 1764 Πλάτωνος
2712 1695 2964 1765 αὐτοὺς

600 1796 945 1883 ἀκηκοέναι
992 1790 1305 1877 λέγοντος,
1355 1800 1450 1869 ὡς’
1485 1800 1560 1861 οὗ
1608 1794 1788 1862 τοῦτ’
1822 1796 1962 1861 ἔστι
2010 1794 2080 1860 τὸ
2130 1796 2263 1860 ἄνω
2310 1799 2599 1881 βλέπειν,
2647 1791 2807 1863 ὅταν
2852 1822 2955 1871 τις

600 1906 836 1967 ὕπτιον
884 1898 1086 1967 αὖτόν
1136 1903 1499 1967 ἀνακλίνειε
1546 1890 1991 1988 χάσμώμενος,
2064 1900 2203 1968 ἀλλ’
2243 1898 2421 1988 ὅταν,
2476 1904 2673 1988 οἴμαι,
2725 1909 2813 1991 τῷ
2858 1910 2951 1992 νῷ

596 2010 713 2101 τὴν
762 2022 888 2074 τῶν
934 2009 1137 2075 ὄντων
1185 2016 1378 2093 φύσιν
1427 2011 1895 2097 ἐπισκοπῆται,
1942 2014 2163 2084 δεινῶς
2210 2008 2532 2098 ὀλίγωρον.
2640 2014 2959 2081 Videmus-

599 2120 848 2187 Galeno
925 2121 1151 2214 solum*
1207 2122 1587 2207 caelestium
1649 2129 1979 2202 aspectum
2047 2139 2173 2187 non
2238 2120 2570 2203 sufficere,
2650 2121 2816 2203 quod
2880 2128 2963 2187 et-

598 2228 811 2309 pisces
889 2234 958 2294 et
1031 2228 1200 2293 asini
1277 2233 1345 2293 et
1405 2246 1563 2294 aves
1625 2228 1876 2293 caelum
1942 2228 2275 2308 suspicere
2337 2229 2605 2310 possint.
2716 2228 2963 2308 Itaque

598 2335 858 2400 Platoni
925 2334 1359 2415 adstipulatus
1426 2336 1733 2416 postulat,
1800 2342 1872 2400 ut
1933 2334 2122 2401 homo
2178 2336 2245 2400 in
2304 2338 2502 2402 rebus
2550 2337 2997 2402 caelestibus·

600 2441 1112 2523 contemplandis
1177 2446 1398 2508 mente
1454 2448 1522 2507 et
1576 2442 1831 2506 ratione
1889 2449 2123 2506 utatur.
2218 2441 2380 2506 Cum
2439 2443 2564 2507 hac
2626 2439 2962 2527 opinione,

595 2567 796 2629 quam
875 2550 1073 2615 etiam
1137 2548 1306 2631 apud
1371 2548 1747 2613 Ciceronem
1806 2550 2172 2614 invenimus
2188 2550 2263 2632 ¹),
2340 2550 2725 2615 Ambrosius
2787 2550 2965 2615 mire·

597 2657 922 2722 consentit
965 2652 1031 2740 (§
1081 2654 1223 2738 67):
1279 2656 1514 2737 „erigit
1563 2663 1628 2721 et
1675 2656 1911 2720 bucula
1958 2655 2036 2720 ad
2074 2656 2323 2721 caelum
2356 2657 2595 2737 ocuIOS,
2644 2658 2755 2722 sed
2792 2656 2947 2737 quid

597 2770 853 2845 spectet
898 2763 1176 2845 ignorat,
1227 2764 1486 2844 erigunt
1531 2762 1731 2844 ferae,
1782 2764 2044 2843 erigunt
2084 2782 2261 2845 aveS,
2312 2745 2607 2828 omnibus
2642 2770 2746 2829 est
2779 2764 2968 2829 liber·

599 2876 932 2953 aspectus,
992 2870 1108 2935 sed
1165 2870 1516 2936 soli‘inest
1571 2870 1817 2934 homini
1866 2888 2085 2935 eorum
2135 2885 2300 2949 quae
2348 2870 2627 2951 aspiciat
2672 2868 2949 2937 affectus

597 2978 985 3061 interpres“.
1023 3014 1100 3023 --
1137 2978 1436 3057 Denique
1483 2995 1680 3041 unum
1730 2977 2089 3058 exemplum
2138 2996 2219 3043 ex
2267 2978 2481 3058 capite
2528 2978 2625 3043 IV
2656 2975 2965 3059 afferam,

597 3087 664 3149 in
713 3101 838 3166 quo
887 3084 1177 3151 Galenus
1226 3085 1351 3149 sibi
1398 3085 1843 3163 quaestionem
1891 3085 2211 3165 proponit,
2260 3085 2473 3164 qualis
2521 3085 2758 3167 pedum
2805 3104 2951 3151 con-
3023 3149 3030 3155 ,

599 3193 851 3259 stitutio
907 3192 1148 3257 homini
1209 3191 1432 3256 maiori
1491 3192 1634 3256 usui
1681 3192 1793 3257 sit:
1858 3199 2067 3256 utrum
2115 3192 2393 3256 rotunda
2440 3197 2509 3257 et
2554 3192 2733 3272 dura,
2782 3207 2955 3272 quae

600 3299 1088 3381 quadrupedum
1129 3298 1392 3379 propria
1437 3298 1544 3378 sit,
1594 3317 1676 3362 an
1718 3303 2015 3378 porrecta
2063 3303 2130 3362 et
2159 3299 2374 3379 longa,
2424 3312 2617 3377 quam
2653 3298 2971 3363 homines-

601 3429 641 3472 a
704 3412 941 3471 natura
1003 3406 1391 3486 acceperint.
1495 3404 1786 3471 Galenus
1850 3405 2095 3471 iudicat
2153 3405 2398 3470 homini
2463 3406 2738 3470 alteram
2804 3424 2959 3469 con—-

601 3515 850 3597 venire,
901 3513 1069 3593 quod
1118 3513 1357 3578 animal
1406 3513 1610 3595 bipeS,
1659 3513 1715 3577 si
1764 3512 2059 3578 rotundis
2100 3513 2375 3593 pedibus
2406 3512 2761 3593 insisteret,
2808 3518 2968 3576 tuto--

601 3623 935 3689 ambulare
983 3640 1111 3687 non
1159 3610 1399 3702 posset,
1449 3620 1527 3686 cf.
1579 3638 1635 3701 p.
1687 3617 1815 3684 185
1870 3626 2041 3699 ,,τοῖς
2070 3616 2195 3698 μὲν
2227 3620 2364 3700 γάρ,
2414 3608 2515 3678 ὅτι
2555 3616 2955 3699 τετράποδές

602 3728 782 3812 εἰσιν,
835 3727 1140 3812 ἀσφαλῶς
1180 3724 1296 3791 ἐπὶ
1329 3730 1454 3789 τῶν
1488 3730 1812 3810 τεττάρων
1855 3721 2157 3808 ὑπάρχει
2168 3727 2403 3807 βεβηκέ
2414 3746 2516 3787 ναι
2548 3722 2956 3808 στρογγύλων

602 3840 1002 3916 γενομένων·
1093 3834 1314 3897 δίποδι
1397 3834 1467 3896 δὲ
1555 3831 1687 3917 ζῴῳ
1778 3831 2065 3916 σφαλερὰ
2143 3830 2480 3903 παντελῶς
2531 3829 2595 3918 ,ἡ
2680 3834 2959 3915 τοιαύτη,

600 3944 978 4028 κατασκευή
1026 3995 1038 4007 .
1088 3995 1105 4012 .
1154 3990 1168 4004 .
1260 3942 1443 4007 Idem
1503 3941 1875 4023 comprobat
1921 3939 2305 4007 Lactantius
2363 3940 2431 4004 in
2486 3955 2623 4019 cap.
2672 3938 2834 4003 XIII
2882 3936 2953 4003 6:

608 4069 813 4135 „quae
859 4049 1173 4133 (plantae)
1222 4051 1521 4129 quoniam
1567 4050 1767 4115 totius
1815 4050 2029 4130 operis
2078 4048 2264 4126 quasi
2309 4047 2733 4115 fundamenta
2778 4053 2971 4130 sunt„

603 4180 715 4225 eas
779 4158 1086 4224 mirificus
1155 4157 1394 4223 artifex
1441 4176 1568 4223 non
1616 4156 1896 4223 rotunda
1943 4154 2183 4235 specie,
2233 4174 2315 4220 ne
2362 4156 2551 4220 homo
2600 4160 2777 4221 stare
2822 4173 2972 4221 nom

786 4375 822 4437 ¹)
850 4332 972 4425 Cic.
1011 4371 1092 4425 Do
1131 4376 1247 4425 nat.
1285 4370 1430 4423 deor.
1470 4369 1528 4421 II
1568 4370 1687 4433 140,
1734 4369 1850 4420 153.
