3425 5167
1533 447 1977 533 ⁴⁹.ssss-

591 635 908 714 lubricum
951 632 1047 712 sit
1094 642 1174 707 de
1211 643 1344 709 hac
1391 660 1463 708 re
1507 642 1875 723 disceptare
1932 660 2014 711 ex
2058 661 2187 709 uno
2233 642 2526 723 exemplo
2570 642 2936 723 intellegas..

597 752 882 819 Schenkl
921 750 1196 817 adnotat
1246 750 1652 817 Ambrosium
1705 752 1768 813 in
1821 767 2076 832 paragr.
2112 747 2237 831 67,
2274 750 2383 815 ubi
2430 758 2644 819 exstat
2669 750 2937 831 „lingua

581 862 750 931 enim
840 858 1022 925 velut
1099 858 1414 939 plectrum
1504 857 1829 937 loquentis
1914 861 1984 923 et
2088 857 2402 937 quaedam
2479 858 2744 923 edentis
2824 863 2935 925 est

579 987 824 1038 manus.
867 1019 881 1031 .
924 966 982 1031 .“
1045 964 1420 1034 Ciceronem
1466 964 1729 1042 imitari,
1778 964 1889 1043 qui
1935 965 2223 1044 linguam
2285 964 2510 1031 eodem
2556 965 2742 1030 modo
2788 982 2933 1031 cum

580 1077 828 1159 plectro
879 1078 1232 1156 comparat,
1291 1072 1371 1139 cf.
1426 1073 1468 1137 1.
1531 1090 1582 1137 c.
1633 1068 1680 1159 g
1732 1070 1858 1135 149
1910 1072 2173 1154 „lingua
2230 1089 2453 1139 vocem
2510 1072 2931 1138 immoderate

573 1184 907 1266 profusam
947 1180 1158 1259 fingit
1223 1185 1291 1251 et
1350 1180 1660 1248 terminat
1723 1191 1919 1259 atque
1982 1198 2172 1247 sonos
2229 1179 2413 1245 *vocis
2476 1178 2817 1247 distinctos
2864 1183 2933 1261 et

579 1308 836 1373 pressos
898 1287 1116 1366 efficit,
1181 1306 1325 1352 cum
1389 1293 1457 1353 et
1519 1286 1601 1351 ad
1663 1287 1896 1352 dentes
1959 1292 2028 1352 et
2090 1287 2170 1351 ad
2234 1287 2398 1353 alias
2462 1295 2678 1369 partes
2749 1286 2932 1369 pellit

421 1399 435 1411 “
496 1424 506 1433 =
577 1400 725 1465 oris.
823 1396 1064 1476 'Itaque
1128 1394 1357 1476 plectri
1421 1395 1699 1461 similem
1774 1394 2064 1471 linguam
2110 1394 2347 1459 nostri
2410 1395 2623 1459 solent
2690 1393 2928 1477 dicere,

578 1506 961 1570 chordarum
1011 1502 1261 1582 dentes,
1311 1520 1504 1567 nares
1552 1502 1854 1567 cornibus
1904 1501 2002 1585 iis,
2052 1501 2162 1582 qui
2210 1501 2295 1566 ad
2341 1519 2577 1567 nervos
2623 1506 2931 1567 resonant

576 1614 643 1677 in
707 1610 1066 1676 cantssbusf‘
1179 1608 1566 1675 Consentire
1624 1610 1887 1690 quidem
1933 1609 2348 1673 Ambrosium
2414 1627 2559 1674 cum
2620 1608 2931 1677 Cicerone

576 1728 776 1801 patet,
829 1718 942 1783 sed
1001 1717 1224 1783 dubito
1270 1736 1351 1781 an
1401 1734 1557 1783 vere
1612 1716 1736 1782 hoc
1780 1726 2043 1782 auctore
2091 1736 2246 1783 usus
2306 1717 2409 1782 sit.
2501 1714 2713 1797 Supra
2757 1716 2930 1782 enim

575 1848 658 1893 ex
707 1826 1044 1892 Lactantio
1107 1825 1536 1891 conclusimus
1601 1825 1925 1897 Ambrosii
1975 1825 2259 1891 Stoicum
2322 1833 2671 1907 auctorem,
2734 1839 2927 1904 quem
3031 1837 3041 1844 ·

574 1936 642 2000 in
691 1946 828 2001 tota
888 1935 1002 1998 illa
1067 1932 1470 2013 expositione
1521 1940 1793 1997 secutus
1842 1937 1965 2013 est,
2027 1933 2170 2014 pari
2232 1932 2417 1998 modo
2465 1932 2546 1999 de
2590 1932 2815 2011 lingna
2860 1937 2930 1998 et

575 2063 686 2110 ore
735 2043 1121 2123 disputasse.
1215 2040 1568 2105 Praeterea
1617 2057 1698 2104 ex
1746 2038 2065 2117 Nemesim
2118 2040 2225 2118 qui
2275 2041 2502 2105 mirum
2550 2040 2616 2104 in
2672 2040 2928 2105 modum

574 2170 716 2216 cum
779 2150 1090 2216 Cicerone
1151 2148 1518 2229 concordat,
1585 2147 1907 2212 evincitur
1967 2148 2137 2213 hanc
2196 2147 2737 2229 comparationem
2800 2148 2929 2212 iam

573 2258 740 2339 apud
803 2257 986 2321 illum
1049 2254 1368 2321 Graecum
1432 2263 1759 2319 auctorem
1809 2255 2162 2335 exstitisse,
2228 2255 2307 2319 cf.
2375 2256 2611 2321 Nemes
2658 2272 2719 2337 p.
2768 2252 2927 2321 210:

573 2361 645 2427 ἐν
707 2360 909 2446 τούτῳ
972 2357 1294 2445 (στόματι)
1364 2358 1483 2444 γὰρ
1558 2359 2027 2424 διαπλάττεται
2100 2361 2210 2423 καὶ
2288 2359 2739 2447 σχηματίζεται
2816 2360 2929 2425 καὶ

575 2471 774 2536 οἱονεὶ
847 2478 1213 2552 μορφοῦται
1302 2466 1335 2555 ἡ
1423 2467 1774 2540 διάλεκτος·
1858 2473 1969 2556 τῆς
2050 2467 2176 2548 μὲν
2260 2468 2535 2555 γλώσσης
2620 2470 2731 2534 καὶ
2808 2478 2923 2532 τοῦ

571 2586 1011 2662 γαργαρεῶνος
1088 2576 1418 2663 πλήκτρου
1494 2571 1683 2655 λόγον
1762 2570 2160 2655 ἐπεχόντων·
2244 2582 2358 2664 τῆς
2444 2577 2515 2640 δὲ
2600 2570 2925 2661 ὖπερτρας,

571 2682 804 2771 ῆχείου.
855 2694 983 2746 τῶν
1016 2682 1086 2747 δὲ
1131 2678 1412 2745 ὀδόντων
1459 2683 1569 2745 καὶ
1616 2688 1729 2770 τῆς
1775 2690 1974 2755 ποιᾶς
2017 2694 2133 2747 τοῦ
2176 2680 2491 2766 στόματος
2537 2685 2924 2763 διανοίξεως,

570 2796 653 2865 ὡς
699 2788 771 2855 ἐν
817 2791 998 2875 λύρᾳ,
1047 2788 1164 2877 τὴν
1192 2793 1320 2850 τῶν
1351 2789 1594 2874 χορδῶν
1626 2788 2177 2875 ἀναπληρούντων
2209 2796 2449 2875 χρείαν,
2502 2792 2926 2875 συντελούσης

569 2921 640 2963 τε
685 2900 795 2963 καὶ
839 2905 951 2987 τῆς
997 2892 1167 2985 ῥινὸς
1206 2891 1372 2980 πρὸς
1419 2898 1748 2979 εὐφωνίαν
1793 2896 1937 2986 ἥιοι
1981 2902 2414 2983 κακοφωνίαν,
2474 2892 2556 2971 ὦς
2602 2897 2794 2987 δῆλον
2852 2893 2925 2961 ἐκ

569 3011 698 3070 τιῖν
752 3003 1056 3090 ᾄδόνιων.
1152 3007 1250 3070 Ex
1297 3024 1422 3085 quo
1479 3009 1773 3088 exemplo
1821 3020 2094 3089 apparet
2140 3008 2206 3071 in
2257 3007 2540 3073 Nemesii
2590 3012 2770 3072 fonte
2819 3026 2924 3071 ex·

567 3120 818 3181 stitisse
881 3117 1167 3191 linguam
1232 3115 1458 3194 plectri
1526 3133 1792 3179 munere
1856 3114 2057 3190 sung-i.
2149 3114 2381 3194 Itaque
2448 3114 2604 3179 mihi
2662 3115 2924 3194 quidem

525 3224 964 3306 probabilius
1028 3232 1131 3287 est
1193 3222 1388 3287 etiam
1449 3220 1883 3303 Ambrosium,
1962 3223 2072 3301 qui
2149 3222 2215 3286 in
2292 3223 2407 3287 illa
2478 3231 2661 3303 parte
2727 3222 2924 3287 simili

566 3332 959 3397 eruditione.
993 3330 1224 3393 nititur
1284 3336 1480 3421 atque
1537 3328 1762 3394 Cicero
1822 3328 2198 3395 Lactantius
2257 3328 2617 3407 Nemesim,
2685 3329 2754 3394 in
2801 3329 2924 3394 hac

564 3457 636 3503 re
683 3438 965 3503 Stoicum
1015 3436 1189 3500 illum
1243 3445 1572 3501 auctorem
1619 3437 1878 3501 imitari.
1911 3443 2015 3481 '—

749 3545 1097 3609 Praeterea
1154 3563 1236 3609 ex
1283 3544 1408 3610 alio
1466 3544 1759 3625 exemplo
1794 3545 1910 3608 tibi
1945 3544 2363 3625 persuadeas,
2412 3558 2605 3622 quam
2657 3542 2921 3609 difficile

565 3670 1038 3732 nonnumquam
1103 3652 1210 3729 sit,
1278 3650 1358 3716 de
1428 3652 1749 3717 Ambrosii
1827 3652 2193 3716 eruditione
2259 3650 2680 3716 Ciceroniana
2739 3658 2919 3716 recte

571 3761 878 3825 iudicare.
955 3758 1029 3823 In
1081 3758 1304 3824 eadem
1355 3755 1527 3823 enim
1577 3760 1983 3842 paragrapho
2018 3758 2397 3826 Ambrosius
2446 3760 2527 3824 de
2572 3758 2752 3823 vocis
2800 3776 2919 3824 usu

567 3868 856 3933 scribere
901 3868 1118 3946 pergit
1169 3885 1337 3947 „vox
1381 3881 1638 3946 ,quoque
1687 3867 1861 3930 aeris
1903 3865 2178 3944 quodam
2210 3865 2482 3941 remigio
2510 3866 2770 3930 vehitur
2800 3912 2815 3929 .
2852 3916 2865 3930 .
2902 3917 2916 3931 .

563 3992 732 4039 nunc
789 3967 1182 4050 commovet,
1231 3991 1401 4036 nunc
1462 3973 1789 4037 demulcet
1851 3971 2176 4037 audientis
2253 3972 2599 4054 adfectum,
2678 3974 2915 4038 iratum

562 4083 856 4163 mit³gat,
949 4079 1225 4145 fractum
1319 4080 1549 4161 erigit,
1658 4081 1907 4145 solatur
2002 4078 2371 4144 dolentem“
2473 4080 2585 4145 nbi
2678 4080 2916 4145 iterum

561 4189 905 4255 manifesto
985 4205 1302 4253 consensu
1378 4205 1518 4252 cum
1587 4187 1899 4253 Cicerone
1968 4186 2333 4269 concordat,
2410 4186 2522 4266 qui
2584 4187 2653 4252 in
2718 4186 2916 4252 simili

559 4296 1029 4363 sententiarum
1085 4314 1258 4360 nexu
1314 4295 1584 4361 exhibet
1639 4292 1856 4375 (148);
1914 4292 2111 4377 „Jam
2166 4313 2323 4361 vero
2370 4293 2630 4359 domina
2674 4312 2910 4375 rerum,

558 4410 633 4470 ut
704 4421 823 4470 vos
900 4402 1124 4468 soletis
1203 4400 1440 4484 dicere,
1525 4400 1873 4480 eloquendi
1951 4400 2073 4484 viS,
2148 4418 2342 4483 quam
2420 4408 2518 4467 est
2577 4401 2913 4483 praeclara
