3425 5167
1536 488 1982 552 ,18-

669 678 802 741 vol,-
872 662 988 731 οὖν
1060 666 1422 753 εἰρημένοις
1494 662 1694 752 ζῴοις,
1809 675 2027 734 cetero
2084 686 2349 748 corpore
2410 666 2686 732 celsiora
2746 663 2950 742 sunt?

579 777 973 859 ὀστρακῶδὲς
1063 796 1135 838 τε
1226 776 1336 837 καὶ
1421 774 1699 860 σκληρὸν
1810 775 1925 840 sed
1971 774 2105 840 illis
2147 779 2317 839 testa
2361 773 2579 837 valida
2635 790 2757 837 nec
2802 777 2950 843 tam,

583 880 798 969 &xovgq
852 884 927 945 τὸ
965 882 1238 967 ,ὁὲρμα.,,
1278 882 1557 949 δυνατὸν
1621 864 1700 965 ἦν
1808 882 2025 949 tenuis
2085 882 2459 946 membrana
2515 881 2682 944 sicut
2728 879 2937 960 nobis,

580 990 854 1077 ὑψηλοῖς
904 990 1163 1068 αὐχέσιν,
1211 987 1509 1071 ἀσφαλῶς
1555 980 1699 1050 ἔπι-
1813 1006 1977 1069 quae
2038 988 2232 1053 facile
2278 987 2487 1067 possit
2544 984 2803 1064 offendi,
2834 1005 2936 1049 m-

576 1104 802 1162 θεῐναι
858 1097 1008 1169 τοὺς
1057 1096 1442 1179 ὀφθαλμοὺς
1498 1147 1510 1159 .
1562 1147 1573 1158 .
1622 1148 1636 1159 .
1686 1147 1697 1158 .
1817 1098 2023 1175 boque
2100 1101 2167 1159 et
2244 1095 2481 1160 ceteris
2547 1092 2937 1158 interscindi

582 1205 970 1289 ἀνθρώποις,
1013 1202 1099 1274 δὲ
1131 1258 1145 1271 ,
1189 1252 1201 1263 .
1239 1237 1252 1266 .·
1300 1204 1699 1288 προμήκεσιν
1812 1202 2125 1267 sentibus.

581 1316 841 1392 αὕχέσιν
905 1288 1264 1395 προπετεῖς
1319 1306 1700 1391 ὀφθαλμοὺς

579 1418 922 1483 ἐπιθεῖναι
970 1415 1466 1508 σφαλερώτερον
1498 1398 1594 1500 ἧν.

762 1544 1072 1611 Videmus
1121 1560 1438 1606 summum
1469 1540 2005 1619 ratiocinationiS‚
2056 1539 2320 1621 ordinis,
2370 1542 2520 1621 quin
2564 1542 2760 1607 etiam
2794 1562 2947 1607 ver—

581 1657 804 1719 borum
868 1656 1247 1717 concentum
1318 1650 1492 1713 inter
1549 1647 1873 1715 Galenum
1934 1653 2003 1713 et
2048 1648 2460 1713 Ambrosium
2507 1649 2931 1715 intercedere.

586 1762 804 1839 Neque
835 1766 1054 1824 tamen
1102 1758 1208 1823 hic
1242 1758 1560 1823 Galenum
1608 1758 1704 1821 ita
1736 1756 2130 1839 compilavit,
2180 1765 2253 1822 ut
2292 1758 2505 1821 omnia
2546 1758 2627 1822 ad
2659 1760 2939 1824 verbum.

576 1868 728 1932 inde
789 1865 1201 1948 transferret,
1265 1864 1378 1930 secl
1444 1864 1671 1929 eadem
1730 1864 1889 1944 fere,
1957 1882 2141 1943 quam
2204 1866 2270 1927 in
2320 1864 2563 1930 Basilio
2618 1866 2940 1932 imitando

577 1980 840 2040 secutus
895 1972 1081 2053 est¹),
1141 1972 1554 2037 exscribendi
1613 1972 1780 2037 ratio
1847 1972 1966 2036 boc
2023 1989 2273 2051 quoque
2328 1972 2465 2037 loco
2529 1974 2937 2038 observatur„

581 2082 746 2147 Nam
812 2072 1093 2146 auctoris
1157 2080 1624 2160 expositionem
1684 2080 1780 2142 ita
1836 2077 2149 2156 adhibuit,
2217 2086 2286 2142 ut
2344 2079 2740 2159 longioribus
2787 2099 2930 2145 ver-

579 2192 805 2255 borum
875 2187 1259 2269 ambagibus
1320 2205 1474 2251 usus
1540 2186 1981 2267 digressiones
2052 2193 2120 2250 et
2182 2186 2599 2251 excursiones
2669 2187 2752 2252 de
2814 2207 2941 2253 suo

579 2296 887 2377 adiceret,
954 2294 1099 2374 alia,
1166 2311 1330 2372 quae
1392 2294 1453 2357 ei
1514 2293 1850 2374 frigidiora
1911 2312 2058 2359 esse
2104 2294 2513 2371 videbantur,
2580 2295 2939 2361 omitteret„

579 2404 786 2485 Quam
848 2401 1196 2467 artificiose
1244 2400 1624 2465 Ambrosius
1680 2399 1913 2466 Galcni
1969 2402 2361 2466 enarrationi
2420 2401 2551 2465 vim
2608 2405 2927 2481 quandam

579 2511 776 2575 addat
832 2508 1180 2574 cum-aliis
1238 2507 1550 2588 exemplis
1607 2508 1982 2572 multifariis
2039 2516 2175 2572 tum
2232 2509 2344 2573 illo
2392 2510 2743 2591 ‚,specula“
2792 2513 2947 2579 edo-

579 2636 819 2698 cemur,
900 2616 1067 2695 quod
1135 2634 1215 2679 ex
1284 2614 1528 2680 Basilio
1594 2616 1979 2680 arcessitum
2042 2634 2159 2694 pro
2210 2615 2445 2682 Galeni
2489 2618 2690 2683 verbo
2751 2613 2945 2702 ἔργον

577 2723 808 2804 posuit.
911 2722 1039 2787 Sed
1084 2723 1212 2787 alia
1246 2740 1494 2801 quoque
1536 2721 1789 2786 ratione
1818 2721 2125 2799 liquidam
2158 2729 2227 2787 et
2258 2722 2544 2807 vividam
2579 2726 2933 2792 orationem

575 2830 838 2895 efficere
885 2830 1151 2895 studuit.
1247 2829 1331 2893 Ut
1379 2847 1572 2891 unum
1620 2828 1987 2907 exemplum
2036 2826 2323 2906 afferam,
2375 2828 2665 2894 Galenus
2713 2833 2943 2898 verbis

574 2938 739 3002 sat-is
771 2936 971 3001 aridis
1013 2935 1544 3015 simplicibusque
1589 2953 1742 2999 usus
1788 2942 2052 2999 enarrat
2090 2933 2423 3015 ὀφθαλμοὶ
2453 2935 2565 2997 καὶ
2610 2941 2942 3021 καρκίνοις

574 3044 686 3107 καὶ
729 3042 1077 3125 φαλαίναις
1121 3042 1231 3104 καὶ
1279 3044 1582 3122 καράβοις
1639 3042 1749 3105 καὶ
1797 3042 1969 3103 πᾶσι
2024 3048 2155 3111 τοῖς
2204 3038 2551 3124 ἀκεφάλοις
2596 3040 2774 3127 ζῴοις
2822 3040 2943 3107 ἐπ),

580 3152 800 3229 αὐχέσι
865 3151 1276 3236 προμήκεσιν
1340 3147 1604 3230 ἔφυσαν.
1722 3150 2101 3213 Ambrosius
2166 3159 2379 3215 autem
2455 3153 2727 3217 eandem
2790 3173 2937 3218 sen·

571 3260 849 3325 tentiam
882 3258 1253 3337 complexus
1297 3267 1602 3335 tanquam
1638 3256 1909 3320 miratus
1942 3256 2335 3338 interrogat:
2383 3277 2496 3334 „ac
2520 3259 2690 3325 forte
2722 3260 2939 3325 dicas:-

579 3366 636 3430 si
683 3366 948 3445 specula
995 3364 1232 3429 editior
1276 3364 1648 3430 necessaria
1693 3363 1837 3446 fuit,
1887 3378 1999 3427 cur
2031 3383 2156 3429 non
2204 3383 2401 3445 supra
2443 3385 2760 3431 summum
2792 3386 2938 3433 ver-

575 3473 766 3537 ticem
818 3471 1266 3551 capitis-oculi
1314 3470 1653 3535 consti-tuti
1699 3475 1853 3535 sunt
1908 3470 2077 3536 sicut
2122 3472 2372 3536 cancris
2407 3473 2513 3536 vel
2562 3474 2941 3539 scarabaeis

575 3580 644 3643 in
689 3597 936 3643 summo
984 3586 1184 3642 sunt..
1218 3577 1318 3642 .?¹‘
1352 3614 1440 3622 -
1482 3576 1612 3643 Sed
1660 3578 2117 3659 gravissimum
2170 3577 2537 3657 discrimen,
2588 3598 2713 3658 quo
2756 3587 2935 3644 totus

577 3684 812 3751 Galeni
877 3685 1308 3751 enarrationis
1367 3703 1598 3751 sensus
1656 3704 1921 3765 prorsus
1983 3686 2376 3759 immutatur,
2446 3686 2650 3765 primo
2700 3689 2929 3752 obtutu

576 3792 1016 3873 conspicitur.·
1053 3791 1370 3858 ‘Galenus
1419 3792 1610 3873 enim,
1669 3811 1816 3857 cum
1863 3793 2081 3858 oculos
2127 3792 2599 3872 exploratorum
2651 3796 2937 3859 muneri-

578 3900 697 3963 bus
744 3898 931 3980 fungi
964 3897 1158 3979 dicat,
1206 3902 1410 3965 totam
1442 3898 1944 3977 disputationem
1983 3899 2065 3964 ad
2114 3918 2510 3982 cancrorum,
2544 3901 2940 3981 Ambrosius

574 4005 848 4071 eandem
919 4004 1388 4085 expositionem
1449 4006 1531 4070 ad
1591 4005 1919 4071 hominum
1980 4006 2194 4072 oculos
2240 4006 2461 4072 refert.
2554 4005 2698 4090 Qua
2742 4009 2811 4073 in
2856 4028 2940 4074 re

572 4131 657 4178 an
718 4114 1098 4192 Ambrosius
1175 4124 1244 4188 in
1318 4113 1547 4179 melius
1622 4114 2030 4180 aberraverit
2104 4132 2225 4196 ego
2300 4115 2557 4195 quidem
2623 4115 2938 4181 dubitem,

575 4217 808 4284 Galeni
870 4216 1037 4283 enim
1090 4222 1291 4286 verba
1338 4219 1413 4282 οὐ
1472 4217 1592 4302 γὰρ
1648 4213 1947 4303 ἐνεχώρει
2002 4221 2354 4293 ταπεινοὺς
2411 4214 2581 4285 εἶναι
2630 4222 2741 4284 καὶ
2788 4245 2937 4284 τοι*

759 4433 796 4495 1)
835 4430 904 4486 cf.
946 4412 1176 4485 Plass'l.
1217 4448 1262 4486 c.
1300 4448 1351 4499 p.
1389 4434 1589 4499 31sqq.
1664 4432 1905 4489 Schenkl
1942 4434 2107 4502 praef.
2148 4451 2197 4502 p.
2238 4435 2393 4488 X111.
