3425 5167
1435 432 1869 493 -41-

471 608 684 703 nuntii
719 627 898 690 voce,
948 627 1138 687 quam
1177 610 1245 676 in
1288 610 1917 677 alio-sententiarum
1974 630 2144 675 nexu
2193 611 2833 693 collocavit-cogno«

475 718 683 780 scitur
729 723 969 795 quanto
1015 715 1229 781 studio
1287 718 1482 782 etiam
1533 717 1672 782 sola
1719 718 2002 783 auctoris
2050 719 2365 782 vocabula
2410 719 2839 798 excerpserit,

479 822 610 910 Sed
674 823 742 887 in
813 823 956 903 ipso
1017 824 1140 888 hoc
1190 826 1547 892 vocabulo·
1583 824 1951 889 adhibendo
2024 824 2843 905 notabilis-discrepantia

479 930 1048 1010 interutrumque
1095 931 1477 1011 scriptorem
1525 932 1731 1011 primo
1766 933 1994 997 obtutu
2026 932 2435 1012 conspicitur.
2470 1006 2474 1010 ,
2514 932 2835 1012 Apuleius

479 1038 674 1120 enim,
726 1037 837 1117 qui
882 1038 1255 1110 liberrimae
1303 1038 1583 1103 novandi
1631 1039 1937 1105 licentiae
1970 1038 2259 1118 indulsit,
2306 1039 2499 1105 huius
2532 1039 2829 1105 vocabuli

479 1145 795 1213 communi
877 1145 1264 1211 formatione
1341 1152 1567 1227 spreta
1639 1164 1849 1227 genus
1918 1152 2215 1211 neutrum
2294 1165 2406 1226 pro
2476 1146 2830 1210 masculino

481 1252 698 1333 posuit
721 1253 781 1330 ¹),
853 1252 1234 1317 Ambrosius
1297 1260 1548 1334 autem,
1613 1254 1715 1317 cui
1781 1253 2078 1318 vocabuli
2123 1253 2495 1317 terminatio
2542 1252 2610 1315 in
2655 1252 2833 1316 hunc

479 1359 737 1423 modum
784 1359 938 1423 ficta
984 1359 1294 1427 audaciae
1341 1360 1597 1441 plenior
1643 1351 1792 1426 esse
1839 1359 2221 1442 videbatur,
2270 1362 2395 1425 hac
2440 1359 2651 1424 forma
2694 1366 2827 1425 tam

478 1468 739 1531 insueta
801 1486 877 1531 ac
943 1468 1107 1532 mira
1168 1469 1458 1532 consulto
1514 1468 1821 1549 neglecta
1867 1486 2090 1531 rursus
2137 1468 2218 1532 ad
2265 1466 2575 1533 usitatum
2622 1486 2837 1549 genus

480 1573 906 1639 masculinum
953 1576 1163 1639 rediit.
1219 1608 1300 1619 -—-

626 1680 738 1745 .In
788 1681 1086 1760 sequenti
1134 1682 1548 1747 enarratione
1578 1682 1897 1763 Apuleius
1946 1688 2141 1763 caput
2188 1682 2443 1763 capillis
2486 1687 2729 1748 tectum
2763 1686 2837 1747 et

481 1787 798 1851 munitum
865 1806 1010 1853 esse
1073 1790 1197 1854 1100
1254 1790 1440 1854 modo
1504 1790 1817 1869 explicat:
1890 1790 2209 1871 „denique
2265 1790 2469 1869 ipsius
2526 1790 2836 1869 capitis

479 1893 795 1960 verticem
842 1904 1086 1977 specta,
1137 1901 1498 1981 contectum
1547 1897 1731 1961 tenui
1791 1904 1938 1961 cute
1986 1896 2459 1977 capillisque
2503 1896 2829 1961 hirsutum

481 1999 736 2066 videbis
783 2000 1206 2067 adversum
1251 2004 1416 2069 vim
1463 2003 1827 2086 frigoris
1876 2013 1943 2069 et
1990 2003 2224 2069 caloris
2244 2002 2356 2087 ²)“.
2421 2004 2831 2076 Ambrosius,

486 2126 870 2187 quamquam
915 2109 1043 2175 iam
1092 2111 1158 2175 in
1206 2129 1464 2193 paragr.
1513 2108 1599 2176 56
1647 2112 1773 2175 alio
1824 2118 2084 2177 auctore
2132 2129 2285 2175 usus
2334 2116 2529 2191 caput
2574 2110 2829 2190 capillis

480 2235 521 2282 a
585 2215 830 2297 frigore
897 2222 962 2281 et
1023 2222 1207 2282 aest-u
1267 2217 1604 2282 defensum
1651 2218 2065 2297 laudaverat,
2128 2218 2191 2280 iu
2248 2236 2503 2299 paragr.
2555 2217 2667 2300 73,
2715 2218 2825 2282 ubi

481 2320 724 2403 Apulei
757 2325 1116 2405 exemplum
1155 2332 1306 2391 ante
1339 2326 1554 2389 oculos
1587 2325 1835 2407 habuit,
1887 2325 1967 2390 de
2000 2326 2222 2390 eadem
2259 2344 2331 2390 re
2363 2327 2597 2389 iterum
2632 2342 2845 2405 agere·

486 2448 611 2494 non
661 2431 930 2495 dubitat.
1010 2432 1176 2495 Nam
1223 2430 1382 2497 dicit
1434 2482 1488 2513 ‚‚.
1523 2480 1582 2495 ..
1629 2432 1979 2513 praecipue
2028 2442 2242 2496 tamen
2296 2433 2580 2511 capitis
2628 2430 2844 2514 (ossa)-¹

483 2536 618 2601 levi
667 2546 843 2602 tecta
875 2547 1029 2601 sunt
1061 2540 1233 2603 corio
1267 2545 1354 2621 et,
1403 2557 1525 2618 quo
1562 2541 1813 2619 possint
1845 2539 2100 2618 aliquod
2152 2538 2539 2604 adversus
2572 2538 2844 2603 imbres·

483 2649 552 2708 et
581 2641 884 2727 frigora
913 2645 1157 2715 habere
1188 2646 1537 2728 munimen,
1575 2646 1931 2725 capillis
1966 2646 2373 2712 densioribus
2398 2644 2833 2727 vestiuntur“,

488 2751 599 2815 ubi
648 2752 728 2817 de
790 2753 1005 2832 capite
1054 2754 1462 2819 densioribus
1512 2754 1766 2835 capillis
1813 2754 2052 2819 vestito
2101 2754 2425 2818 simillimo
2476 2752 2657 2818 modo
2705 2751 2832 2816 dis-

485 2864 672 2937 putat
737 2868 932 2938 atque
979 2861 1294 2938 Apuleius
1352 2862 1688 2937 (verticem
1740 2912 1751 2923 .
1802 2912 1812 2923 .
1864 2860 2271 2943 ,hirsutum
2334 2868 2401 2925 01
2456 2861 2633 2924 Plato
2690 2856 2843 2944 (λα--

485 2965 632 3025 σίαν
682 3015 694 3027 .
745 3014 756 3026 .
806 3015 819 3027 .
868 2961 1198 3050 κεφαλὴν).
1323 3032 1326 3035 ,
2172 3014 2175 3017 -

665 3069 783 3149 Ea,
835 3088 1000 3149 quac
1049 3072 1114 3134 in
1160 3072 1400 3151 Apulei
1449 3072 1665 3153 capite
1695 3072 1859 3138 XVl
1906 3080 2285 3155 sequuntur,
2332 3047 2715 3137 Ambrosius
2763 3074 2843 3137 in

481 3194 668 3261 suum
709 3184 1054 3242 tractatum
1093 3198 1220 3268 non
1253 3180 1518 3259 recepit.
1598 3183 1814 3259 Atque
1849 3181 2137 3259 consulto
2173 3199 2316 3244 eum
2348 3180 2519 3244 hanc
2550 3181 2848 3245 auctoris·

480 3290 726 3364 partem
791 3285 1038 3349 vitasse
1103 3286 1506 3351 crediderim.
1603 3287 1917 3367 Apuleius
1968 3288 2149 3363 ‚enim
2197 3305 2340 3357 cum
2390 3293 2622 3369 pergat
2675 3287 2841 3370 „sedz

481 3410 518 3457 e
595 3393 862 3475 regione
939 3393 1152 3459 cordis
1221 3412 1534 3459 venarum
1600 3400 1852 3459 meatus
1925 3396 2220 3467 oriuntur
2285 3414 2401 3474 per
2461 3393 2842 3474 pulmonum·

481 3499 806 3579 spiracula
836 3500 1253 3566 vivacitatem
1287 3491 1787 3583 transferentes,
1828 3521 2018 3590 quam
2046 3502 2136 3574 -de¹
2158 3493 2351 3568 corde
2374 3500 2842 3581 susceperint?

479 3606 786 3672 dissentit
830 3608 913 3672 ab
961 3626 1037 3673 eo
1070 3606 1304 3675 Galeni
1351 3608 1674 3691 dogmate,
1727 3609 1893 3691 quod
1927 3610 2309 3703 Ambrosius
2352 3609 2418 3673 in
2450 3626 2707 3689 paragr.
2744 3604 2827 3677 61.
2925 3645 2948 3661 ·

483 3721 743 3779 secutus
802 3714 960 3780 dicit
1023 3716 1315 3792 „initium
1363 3722 1580 3797 autem
1632 3717 2017 3793 arteriarum
2066 3724 2135 3781 et
2179 3715 2360 3791 insiti
2409 3715 2642 3781 caloris
2690 3766 2703 3780 .

483 3837 592 3885 001·
639 3840 786 3886 esse
831 3822 1138 3911 plerique·
1173 3824 1631 3902 arbitrantur,“
1715 3812 2401 3905 ItaqueAmbrosius,
2450 3841 2548 3897 110-
2580 3822 2848 3892 duobus·
2936 3878 2939 3881 ,
3044 3808 3053 3817 “

663 3996 704 4061 ¹)
747 3996 875 4049 Pau
883 4013 929 4050 a
966 3986 1339 4052 huiuscemodi
1380 4000 1628 4065 exempla
1665 4006 1951 4053 enumerat
1988 3998 2183 4054 Koziol
2223 3999 2260 4053 l.
2301 3990 2343 4051 0.
2384 4016 2434 4067 p.
2476 4001 2596 4051 253.

661 4086 706 4148 θ)
747 4084 812 4137 (f
860 4084 1016 4139 Plato
1053 4086 1354 4139 Τ1111.76Β
1387 4086 1560 4162 τούτῳ
1597 4086 1662 4143 dn
1701 4092 1897 4143 λασίαν
1926 4088 2079 4163 ἡμῶν
2118 4086 2493 4173 (ἰ7τειργασατο
2533 4094 2633 4159 τὴν
2660 4110 2848 4159 scema·-

479 4178 542 4247 21⁸
555 4196 584 4225 ν
629 4174 656 4227 ὃ
695 4196 966 4230 ποιων..
1009 4215 1019 4225 .
1061 4165 1458 4249 διανοοι’μενος
1495 4168 1618 4231 ἀντὶ
1641 4157 1857 4251 σαρκὸς
1896 4175 2032 4231 αὸτὸ
2072 4180 2189 4232 δεῖν
2228 4176 2374 4231 εἶναι
2409 4175 2699 4253 σ’τίγασμα
2738 4184 2845 4249 τῆς

479 4286 607 4339 περι
649 4262 743 4318 τὸν
783 4260 1090 4335 ἐγκέφαλον
1130 4266 1294 4319 ἕνεκα
1335 4267 1636 4335 τίσφαλείας
1673 4288 1887 4371 κουφον
1923 4288 2019 4321 και
2065 4263 2271 4342 θέρους
2300 4264 2578 4346 χειμῳνός
2616 4288 2676 4321 τε
2710 4270 2837 4321 ixa·
2838 4298 2850 4303 -

479 4354 579 4411 νὺν
615 4351 776 4409 σκιὰν
811 4370 901 4406 και
939 4349 1146 4423 σκέπην
1181 4350 1462 4423 παρέχειν.
2522 4368 2525 4371 “
2858 4352 2861 4355 ’
