3425 5167
1429 427 1875 491 -25—

471 624 675 674 venas
723 614 792 673 et
823 607 1101 673 arterias
1132 626 1260 673 non
1293 607 1612 690 distinxit,
1659 607 2080 688 reprehendit
2113 610 2218 673 vel
2264 608 2473 688 potius
2514 625 2857 673 excusare·-

470 715 688 780 studet
709 711 772 797 ¹).
864 715 1221 781 Praeterea
1267 714 1502 780 multos
1550 714 1713 780 alios
1762 712 2171 781 adversarios
2218 717 2578 798 impugnat,
2622 697 2826 780 veluti

471 820 963 894 Erasistratum,
1013 823 1119 902 qui
1169 840 1280 888 cor
1324 840 1635 887 venarum
1685 829 1755 887 et
1800 822 2183 889 arteriarum
2244 822 2630 903 principium
2680 840 2855 887 esse·

470 928 733 995 volebat
745 926 815 1010 2),
849 929 1003 1010 quin
1031 930 1224 995 etiam
1253 939 1741 1010 praeceptorem
1777 949 1957 995 suum
1987 929 2315 1013 Pelopem,
2352 929 2461 1010 qui
2488 932 2849 996 cerebrum-

472 1040 540 1101 et
581 1054 927 1102 nervorum
979 1042 1048 1101 et
1095 1055 1405 1102 venarum
1455 1046 1522 1101 et
1567 1038 1954 1103 arteriarum
2001 1037 2384 1118 principium
2446 1054 2593 1103 esse
2626 1024 2826 1101 'docu-

471 1142 693 1225 erat8).
788 1142 1009 1222 Neque
1057 1150 1274 1208 tamen
1313 1142 1561 1209 Galeno
1609 1143 1967 1226 contigisse
2000 1144 2279 1227 videtur,
2329 1150 2401 1209 ut
2431 1143 2854 1208 adversariis-

471 1252 606 1315 suis
669 1252 1110 1331 persuaderet.
1225 1250 1384 1316 Nam
1449 1252 1518 1315 in
1582 1251 2086 1333 commentariiS,
2155 1269 2313 1331 quos
2384 1252 2465 1335 ad
2531 1252 2854 1316 Platonis-

469 1358 802 1423 'Pimacum
865 1358 1248 1440 composuit,
1313 1358 1729 1438 conqueritur
1794 1376 1895 1439 se,
1977 1346 2191 1437 quasi
2226 1358 2694 1424 alucinationes
2759 1363 2829 1423 et

468 1465 752 1547 ineptias
801 1465 1198 1546 protulisset,
1251 1467 1331 1529 ab
1379 1465 1511 1530 illis
1558 1472 1829 1546 propter
1882 1466 2053 1531 hanc
2108 1466 2471 1546 opinionem
2528 1464 2713 1530 illudi
2760 1469 2829 1529 et

470 1562 730 1638 irrideri
746 1571 816 1655 4).

648 1680 1000 1757 Postquam
1073 1698 1153 1744 ex
1229 1679 1332 1743 his
1410 1680 1633 1760 paucis
1712 1679 2028 1761 exemplis
2107 1679 2525 1761 cognovimus
2603 1678 2827 1759 quanti

483 1786 784 1852 momenti
817 1787 940 1852 hoc
972 1785 1207 1868 dogma
1237 1787 1303 1851 in
1340 1784 1578 1852 Galeni
1609 1787 1796 1852 libris
1830 1787 1936 1867 sit,
1974 1787 2053 1851 ad
2085 1805 2218 1851 rem
2256 1806 2453 1867 supra
2482 1793 2825 1852 tractatam

471 1893 830 1958 redeamus
936 1892 1118 1958 Idem
1192 1893 1457 1975 dogma,
1539 1894 1703 1974 quod
1784 1895 1876 1958 ibi
1942 1893 2177 1959 Galeni
2247 1894 2833 1977 argumentationis

471 1999 959 2066 fundamentum
1010 2006 1131 2082 est,
1191 2002 1424 2080 probat
1470 2001 1871 2075 Ambrosius,
1934 2001 2087 2081 quin
2138 2000 2335 2066 etiam
2383 2000 2542 2066 dicit
2587 2002 2829 2081 pleros-

475 2125 599 2188 que
647 2126 804 2173 suae
851 2108 1087 2173 aetatis
1133 2107 1428 2173 homines
1478 2109 1629 2175 huic
1675 2108 1959 2190 opinioni
2009 2107 2333 2174 assentiri.

775 2213 1002 2280 Galen.
1055 2233 1112 2293 p.
1163 2213 1311 2278 625.
2000 2215 2298 2279 AmbrOS.
2348 2212 2385 2298 ξ
2434 2213 2536 2279 61.

471 2319 932 2385 ἀποδέδεικται
999 2320 1068 2383 δὲ
1127 2318 1198 2381 ἐν
1245 2330 1382 2392 τοῖς
1444 2322 1596 2403 περὶ

469 2432 598 2492 τῶν
644 2422 1119 2511 Ἱπποκράτους
1175 2428 1283 2490 καὶ
1333 2423 1596 2491 Πλάτω-

474 2556 581 2607 νος
631 2537 984 2618 δογμάτων,
1036 2535 1235 2623 ἀρχὴν
1282 2536 1407 2616 μὲν
1455 2541 1591 2599 veui-
1704 2537 1957 2602 initium
2057 2537 2229 2602 enim
2329 2555 2674 2601 nervorum
2762 2544 2831 2601 et

473 2663 602 2726 ρων
649 2644 759 2705 καὶ
821 2646 1170 2727 συμπάσης
1225 2640 1596 2729 αἰσθήσεώς
1705 2644 1987 2709 omnium
2054 2662 2359 2709 sensuum
2426 2643 2833 2709 voluntariae

473 2770 544 2812 τε
614 2751 724 2813 καὶ
796 2756 908 2838 τῆς
977 2750 1141 2813 κατὰ
1217 2753 1595 2835 προαίρεσιν
1705 2750 2149 2817 commotionis
2192 2751 2529 2816 cerebrum
2582 2756 2684 2816 est
2736 2755 2839 2815 at-

471 2860 776 2946 κινήσεως
821 2851 934 2919 τὸν
981 2854 1338 2938 ἐγκέφαλον
1382 2851 1592 2941 ὖπάρ-
1705 2876 1828 2937 quc
1893 2858 2046 2921 inde
2123 2858 2331 2923 omnis
2388 2876 2607 2923 eorum
2665 2876 2841 2938 quae‘

471 2985 626 3047 χειν,
1705 2965 1983 3029 diximus
2032 2982 2227 3029 causa
2274 2972 2509 3029 manat.

475 3086 674 3174 ἀρχὴν
743 3087 813 3149 δὲ
888 3085 1205 3169 ἀρτηριῶν
1281 3087 1390 3148 καὶ
1485 3090 1593 3171 τῆς
1647 3072 1652 3130 ¹
1704 3088 1964 3154 initium
1990 3095 2205 3153 autem
2230 3089 2618 3153 arteriarum
2644 3095 2711 3154 et
2729 3088 2829 3153 in·

477 3192 772 3277 ἐμφύτου
789 3196 1152 3276 θερμασίας
1167 3192 1284 3281 τὴν
1304 3193 1593 3277 καρδίαν.
1705 3195 1817 3261 siti
1865 3195 2120 3275 caloris,
2170 3214 2295 3276 quo
2346 3196 2715 3260 animantur
2761 3202 2853 3259 ct-

1704 3302 2023 3382 tepefiunt
2053 3295 2301 3386 vitalia,
2351 3322 2463 3369 cor
2509 3321 2655 3368 esse
2688 3303 2823 3383 plo-

1703 3412 1887 3490 rique
1936 3410 2352 3498 arbitrantur.

661 3570 702 3633 ¹)
741 3568 851 3625 vol.
911 3568 956 3619 V
1013 3570 1135 3634 575,
1192 3571 1314 3633 581,
1371 3570 1439 3621 οἱ.
1499 3575 1788 3621 comment.
1848 3568 1905 3619 in
1963 3566 2105 3619 Plat.
2162 3567 2282 3620 Tim
2338 3568 2498 3635 frgm.
2558 3566 2667 3619 VII
2722 3567 2831 3632 (ed.

472 3648 854 3716 Daremberg).

651 3728 673 3764 2
737 3729 842 3784 vol.
883 3728 929 3781 v
968 3731 1092 3796 552³,
1132 3731 1252 3780 555.

654 3814 694 3875 ³)
739 3810 842 3865 vol.
883 3810 931 3863 v
969 3812 1091 3875 52⁷,
1129 3811 1250 3863 544.
1939 3875 1943 3879 ,

651 3891 692 3955 ⁴)
734 3890 799 3941 ef.
843 3890 1002 3957 frgm.
1042 3890 1112 3943 ΙΙ.
1191 3890 1666 3961 Σχετλιαζέτωσαν
1706 3880 1823 3950 οὖν,
1862 3887 1934 3949 ὥς
1984 3888 2115 3947 ἔθος
2164 3888 2353 3948 αὐτοῖς
2393 3886 2519 3950 ἐστι,
2561 3890 2849 3959 γελῶντες·

479 3965 654 4043 θ’ἅμα
693 3972 786 4022 καὶ
823 3968 1330 4045 βωμολοχευόμενοι
1361 3973 1454 4024 καὶ
1493 3967 1775 4043 διασιῖροντ
1794 3990 1851 4029 ες
1881 3969 2031 4043 ἱμῶν
2060 3966 2153 4022 τὸν
2181 3966 2363 4039 λόγον,
2402 3968 2474 4028 ὥς
2498 3970 2831 4039 ληρούντων,

478 4052 527 4104 εἰ
569 4057 713 4123 τρεῖς
761 4052 1000 4122 λέγομεν
1038 4047 1103 4110 ἅς
1140 4050 1415 4115 ἀπέδειξα,
1465 4047 1604 4104 κατὰ
1653 4049 1762 4121 μὲν
1816 4047 1908 4103 τὸν
1957 4048 2267 4121 ἐγκέφαλον
2316 4048 2452 4103 α’τὶν
2499 4046 2634 4122 ρχὶνν
2686 4046 2828 4103 εἶναι

478 4138 583 4190 τῶν
621 4126 832 4199 νεύρων
872 4150 931 4183 τε
970 4132 1061 4181 καὶ
1100 4136 1499 4203 προαιρετικιῖν
1537 4127 1820 4200 κινήσεων,
1862 4130 1974 4184 ἔστι
2009 4129 2068 4183 δὲ
2094 4128 2229 4203 πρὸς
2270 4126 2481 4188 τούτοις
2518 4126 2831 4184 αἰσθτῖσεων

474 4212 657 4273 πέντε,
698 4206 839 4262 κατὰ
868 4209 926 4262 δὲ
960 4209 1015 4262 τὸ
1047 4200 1190 4281 ἧπαρ
1230 4208 1463 4283 αἵματός
1507 4230 1559 4264 τε
1601 4214 1694 4263 καὶ
1734 4213 1945 4279 φλεβῶν
1982 4211 2076 4263 καὶ
2117 4216 2213 4262 τοῦ
2240 4211 2550 4279 τρέφεσθαι
2589 4207 2645 4261 τὸ
2676 4216 2829 4282 σῶμα

475 4292 571 4345 καὶ
622 4296 716 4344 τοῦ
757 4293 1046 4363 γνωρίζειν
1092 4288 1191 4360 τὴν
1231 4290 1276 4343 τ’
1304 4292 1516 4344 οἰκείαν
1567 4290 1761 4345 ου’σίαν
1812 4290 1889 4359 εἰς
1940 4296 2113 4353 τοῦτο,
2167 4286 2305 4342 κατὰ
2346 4288 2405 4342 δὲ
2456 4287 2550 4343 τὶν
2599 4290 2850 4359 καρδίαν

473 4371 745 4443 ἆρτηραῖν
783 4373 875 4424 καὶ
919 4376 1010 4440 τῆς
1050 4368 1294 4442 ἐμφύτου
1333 4375 1660 4444 θερμασίας.
1703 4412 1715 4423 .
1746 4412 1757 4423 .
1788 4412 1799 4423 .
1830 4412 1841 4423 .
