3425 5167
1503 504 1946 571 *20-

1714 680 1721 717 ¹
1773 686 2056 766 oportuit
2136 698 2461 765 tamquam
2512 687 2605 771 ¹in
2684 686 2895 765 arce1)

1774 797 1842 857 et
1886 794 1967 857 ab
2016 793 2189 857 omni
2239 794 2340 858 vel
2388 794 2651 857 minima
2697 791 2891 859 offen·

1773 898 2298 980 sione'defeudi,
2365 918 2529 979 quae
2587 900 2709 965 duo
2768 899 2893 964 sibi

1772 1007 2279 1087 compugnantia
2308 1007 2723 1072 videbantur.‘
2744 1024 2891 1071 nam

543 1105 693 1173 ἐπεὶ
732 1117 949 1175 τοίνυν
991 1107 1061 1173 τὸ
1104 1111 1228 1191 μὲν
1261 1106 1330 1172 ἐν
1371 1115 1661 1197 ταπεινῷ
1775 1113 1827 1177 si
1889 1112 1954 1177 in
2021 1113 2246 1177 humili
2330 1121 2554 1179 essent
2626 1122 2892 1195 propter

539 1221 819 1305 τεθῆναι
863 1214 1011 1289 τούς
1053 1212 1434 1300 ὀφθαλμοὺς
1481 1216 1662 1305 ἡμῶν
1774 1228 2084 1299 tutamen,
2152 1240 2380 1286 munus
2448 1220 2889 1302 impediretur,

543 1326 621 1388 οὐ
669 1320 832 1389 κατὰ
882 1323 998 1412 τὴν
1045 1328 1266 1409 χρείαν
1314 1308 1393 1408 ἦν
1425 1326 1658 1399 αὐτῶν,

539 1427 611 1495 τὸ
695 1428 1017 1511 δἀὐχὲσιν
1089 1426 1483 1518 ἐπιτεθῆναι
1562 1455 1661 1511 γυ·
1773 1434 1827 1498 si
1876 1435 1939 1497 iu
1995 1436 2258 1514 vertice,
2318 1440 2622 1514 paterent
2666 1434 2745 1498 ad
2796 1435 2890 1498 in-

536 1547 722 1619 μνοῖς
763 1535 878 1601 οὒκ
910 1524 989 1625 ἦν
1023 1534 1320 1621 ἀσφαλές,
1359 1534 1659 1617 ἐβούλετο
1709 1536 1714 1621 Ι
1767 1540 2018 1605 iuriam.

536 1645 607 1708 δὲ
679 1644 715 1733 ἡ
782 1651 971 1728 φύσις
1039 1647 1200 1732 μήτε
1271 1649 1380 1730 τῆς
1444 1651 1657 1728 χρείας

537 1752 817 1815 κωλῦσαί
845 1777 908 1815 τι
954 1755 1118 1839 μήτε
1147 1750 1263 1839 τὴν
1297 1748 1655 1835 ἀσφάλειαν

535 1860 936 1941 διαφθεῖραι,
976 1856 1229 1941 ἐξεῦρεν
1260 1854 1657 1942 ἐργάσασθαι

538 1963 766 2048 μόριον
814 1967 1033 2037 αὐτοῖς
1090 1962 1343 2051 ὑψηλόν
1391 1986 1459 2027 ’τε
1515 1960 1652 2044 ἅμα

537 2073 650 2135 καὶ
695 2080 999 2155 φρουρεῖν
1047 2068 1288 2145 ἱκανόν,

1762 1968 1985 2047 itaque
2064 1986 2145 2032 ne
2222 1969 2329 2032 vel
2406 1988 2526 2032 usu
2602 1970 2887 2034 muneris

1764 2075 2004 2153 aliquid
2073 2073 2527 2139 detraheretur
2593 2077 2696 2141 vel
2773 2077 2883 2140 ali-

1764 2180 1913 2261 quid
1948 2181 2027 2246 ad
2062 2181 2558 2261 propulsandam
2587 2182 2886 2248 iniuriam

1761 2288 2259 2369 prospiceretur,
2324 2306 2398 2352 oo
2464 2290 2605 2354 loco
2670 2290 2887 2355 oculos

1703 2452 1707 2476 ,
1760 2395 2126 2474 constituit,
2194 2395 2292 2459 cui
2360 2396 2710 2475 supercilia
2770 2397 2884 2462 de·

533 2496 798 2561 ἄνωθεν
850 2498 974 2577 μὲν
1029 2496 1227 2582 ὀρφῦς
1283 2502 1649 2575 ὑπερθεῖσα
1702 2482 1708 2633 j
1760 2520 1954 2581 super
2045 2519 2171 2566 non
2254 2502 2585 2566 minimum
2671 2510 2883 2582 prote-

1760 2608 1991 2673 ctionis
2037 2608 2411 2688 inpertiam,

536 2726 836 2793 κάτωθεν
925 2730 996 2793 δὲ
1088 2726 1158 2791 τι)
1253 2726 1651 2810 καλούμενον
1760 2734 1986 2798 subter
2091 2732 2299 2797 malae
2413 2734 2877 2813 aliquantulum

526 2836 735 2923 μῆλον
781 2832 1116 2922 ὑψώσασα,
1760 2839 2055 2904 elevatae
2113 2839 2272 2904 haut
2328 2840 2632 2920 exiguum
2680 2841 2883 2905 muni-

1760 2946 1955 3011 tionis
2043 2946 2426 3027 adiungant,
2506 2948 2883 3013 interiorem

533 3058 668 3122 τοῖς
735 3046 973 3123 δ’ἐντὸς
1041 3056 1263 3134 μέρεσι
1327 3050 1444 3139 τὴν
1502 3049 1649 3132 ῥῖνα
1729 3062 2014 3133 -partem
2078 3054 2376 3133 saepiant
2422 3073 2635 3129 nareS‚
2704 3062 2880 3121 exte-

532 3162 931 3241 παραθεῖσα,
962 3168 1095 3228 τοῖς
1125 3154 1365 3228 δ’ἑκτὸς
1391 3157 1506 3245 τὴν
1539 3162 1652 3219 τοῦ
1762 3160 1996 3225 riorem
2076 3180 2326 3240 quoque
2395 3162 2627 3227 frontis
2686 3163 2882 3227 mala-

528 3265 930 3344 καλονμένου
977 3262 1338 3342 ζυγώματος
1371 3260 1649 3345 ἔκφυσιν.
1762 3285 2031 3345 rumque
2058 3268 2239 3348 gibbi
2272 3270 2733 3334 extuberantes
2768 3321 2779 3332 .
2816 3321 2829 3333 .
2867 3315 2880 3329 .

706 3391 1124 3455 Manifestum
1189 3396 1291 3455 est
1354 3390 1762 3456 Ambrosium
1826 3391 2056 3457 iterum
2124 3390 2355 3456 Galcni
2423 3393 2721 3474 vestigiis
2788 3394 2879 3457 in·

531 3497 812 3579 stitisse,
877 3516 1025 3562 nam
1088 3498 1368 3563 auctoris
1430 3497 1656 3563 ordine
1720 3505 1980 3563 servato
2042 3498 2107 3561 id
2175 3499 2433 3575 assequi
2496 3500 2733 3580 studet,
2807 3508 2880 3563 ut

532 3603 781 3670 duobus
828 3605 1429 3687 compugnantibuS,
1479 3605 1730 3671 scilicet
1774 3604 2075 3670 tutamini
2124 3611 2192 3668 et
2237 3605 2508 3685 muneri,
2557 3606 2625 3668 in
2673 3605 2874 3668 oculis

527 3711 862 3791 aptissime
928 3712 1315 3777 collocandis
1376 3719 1793 3792 praecautum
1860 3718 1929 3777 et
1974 3712 2301 3790 provisum
2362 3728 2509 3775 esse
2556 3709 2874 3773 ostendat.

526 3817 606 3881 In
647 3818 920 3898 sing-ulis
969 3818 1312 3883 sententiis
1357 3817 1865 3898 interpretandis
1914 3816 2185 3882 eandem
2232 3816 2391 3898 fere,
2441 3834 2627 3895 quam
2678 3835 2875 3897 supra

526 3924 1032 4005 observavimuS,
1097 3924 1392 3989 imitandi
1455 3924 1772 3988 rationem
1836 3923 2149 4005 adhibuit,
2216 3941 2358 3986 cum
2417 3922 2579 3987 alias
2638 3943 2741 3989 res
2790 3925 2873 3989 ab

525 4038 785 4096 auctore
830 4036 1147 4095 tractatas
1187 4030 1506 4111 copiosius
1555 4038 1622 4095 et
1653 4031 1936 4110 uberius,
1986 4031 2147 4094 alias
2195 4030 2485 4095 strictius
2528 4031 2873 4097 describat.

695 4262 737 4327 ¹)
777 4260 1161 4316 Schenkelium
1218 4266 1369 4314 recto
1426 4265 1692 4313 adnotare
1747 4258 2093 4311 Ambrosium
2145 4260 2245 4312 hoc
2285 4260 2505 4313 verbum
2549 4275 2577 4313 c
2616 4260 2877 4313 Cicerone

525 4347 630 4414 (De
677 4354 794 4403 nat.
834 4350 977 4403 deor.
1026 4350 1083 4403 II
1126 4351 1246 4419 140)
1285 4348 1592 4402 mutuatum
1634 4363 1753 4401 esso
1792 4347 1919 4400 inde
1958 4354 2202 4414 apparet,
2243 4349 2384 4414 quod
2422 4349 2566 4415 apud
2605 4350 2873 4402 Galenum

527 4452 633 4490 vox
673 4434 962 4509 ἀκρόπολις
1000 4438 1358 4492 desideratur.
