3425 5167
1428 514 1877 577 —17-

465 694 636 754 πᾶσι
739 700 872 762 τοῖς

467 794 585 860 ἐπ’
664 802 886 885 αὐχέσι
973 801 1374 887 προμήκεσιν
1449 795 1599 883 ἔφυ-

462 925 607 970 σαν.
654 910 728 970 οὐ
762 906 880 990 γὰρ
916 903 1213 990 ἐνεχώρει
1250 908 1601 979 ταπεινοὺς

463 1006 646 1076 εἶναι
677 1014 786 1076 καὶ
816 1020 1104 1097 τούτους,
1139 1008 1359 1100 ὥσπερ
1392 1021 1599 1094 στόμα

477 1142 545 1182 τε
604 1122 712 1183 καὶ
761 1125 939 1207 ῥῖνας
985 1123 1094 1185 καὶ
1149 1107 1305 1185 ὦτα·
1362 1122 1437 1186 τὸ
1485 1121 1601 1205 γὰρ

467 1225 662 1309 ,ἔργον
696 1230 910 1291 αὐτῶν
943 1223 1200 1315 ὑψηλοῦ
1241 1230 1444 1292 δεῖται
1488 1251 1602 1307 χω-

465 1340 634 1422 ρίου.

569 1440 749 1508 ταῦτ’
815 1441 945 1529 ὅρα,
1018 1443 1127 1506 καὶ
1196 1436 1336 1506 ὅσοι
1413 1442 1602 1505 πολε-

981 690 1330 774 άκεφάλοις
1423 689 1598 775 ζῴοις
1653 689 1658 751 Ι

1710 925 1921 987 neque
1969 907 2140 973 enim
2188 909 2529 989 oportebat
2575 927 2685 973 cos
2716 910 2834 973 hu-

1712 1013 1899 1079 miles
1947 1033 2093 1081 esse
2142 1016 2311 1080 sicut
2357 1034 2546 1080 aures
2592 1016 2700 1083 vel
2759 1034 2831 1081 os

1711 1120 2018 1201 ipsosque
2122 1122 2373 1187 narium
2485 1123 2831 1188 interiores

1713 1228 1911 1291 sinus,
1973 1229 2304 1312 specu1a1)
2354 1232 2520 1295 enim
2572 1248 2833 1310 semper

1712 1353 1796 1400 ex
1841 1336 1972 1400 alto
2019 1340 2141 1415 est,

1714 1448 1788 1507 ut
1842 1441 2350 1521 advenientium
2420 1451 2831 1509 catervarum

469 1557 643 1633 μίων
690 1548 920 1634 ἔφοδον
1710 1548 2042 1613 hostilium
2094 1550 2417 1629 explorari
2468 1552 2675 1631 possit
2723 1550 2831 1615 ad-

1711 1664 1965 1737 ventuS‚
2015 1674 2097 1721 ne
2137 1655 2468 1736 inproviso
2516 1666 2834 1738 occupent

1710 1763 2020 1827 otiantem
2092 1763 2197 1827 vel
2278 1765 2455 1828 urbis
2531 1766 2830 1845 populum

1712 1870 1815 1934 vel
1860 1869 2269 1948 imperatoris
2302 1871 2687 1952 exercitum,
2737 1874 2831 1937 sic

1709 1977 2033 2042 latronum
2082 1996 2333 2057 quoque
2380 1987 2694 2043 caventur
2740 1980 2832 2043 in-

1712 2101 1959 2159 cursUS‚
1991 2084 2046 2148 si
2072 2085 2513 2163 exploratores
2538 2086 2605 2149 in
2634 2086 2831 2150 muris

1714 2196 1826 2255 aut
1848 2190 2137 2255 turribus
2173 2197 2284 2255 aut
2317 2192 2553 2257 montis
2589 2193 2833 2258 excelsi

1713 2297 2061 2377 supercilio
2124 2300 2258 2362 sint
2310 2299 2527 2380 locati,
2586 2308 2659 2364 ut
2727 2299 2833 2365 de·

1657 2405 1663 2754 ἱ
1713 2423 1911 2485 super
1936 2410 2237 2485 spectent
2258 2406 2456 2485 plana
2472 2408 2829 2487 regionum,

565 1978 608 2067 ἢ
659 1980 904 2069 λῃστῶν
954 1982 1514 2061 προσκοποῦνται,

573 2090 810 2165 τείχεσί
849 2108 921 2149 τε
967 2086 1077 2148 καὶ
1123 2081 1392 2169 πύργοις
1439 2079 1602 2171 ὑψη-

474 2196 618 2266 λοῖς
666 2191 701 2281 ἢ
751 2198 864 2257 καί
905 2214 1070 2256 τισιν
1115 2189 1327 2276 ὄρεσιν
1359 2188 1603 2257 ἐπανα-

470 2307 831 2386 βαίνουσιν.

1713 2511 1777 2575 in
1860 2512 2089 2591 quibus
2166 2511 2443 2579 insidiae
2512 2514 2833 2578 latronum

1714 2619 1924 2683 latere
1999 2637 2124 2684 non
2197 2620 2468 2699 possint.
2540 2621 2605 2684 in
2672 2621 2836 2685 mari

1659 2757 1663 2804 ι
1716 2744 1966 2806 quoque
2012 2728 2261 2807 positus
2316 2727 2374 2791 si
2430 2728 2573 2807 qui·
2621 2734 2837 2793 terrae

1659 2807 1664 2922 ξ
1716 2834 2235 2915 adpropinquare
2298 2852 2369 2898 sc
2434 2836 2689 2915 conicit,
2768 2835 2835 2899 in

1660 2931 1861 3020 'ipsa
1940 2941 2083 3003 mali
2163 2940 2430 3017 fastigia
2518 2951 2585 3005 ct
2660 2942 2837 3006 celsa

1719 3055 2163 3112 antemnarum
2225 3066 2462 3112 cornua
2518 3048 2651 3113 voti
2725 3067 2834 3112 ex·

1719 3155 2004 3235 plorator
2037 3154 2331 3245 ascendit
2378 3161 2445 3219 et
2490 3154 2701 3219 adhuc
2742 3155 2836 3218 in·

1720 3263 2044 3327 visibilem
2076 3261 2343 3341 reliquis
2376 3262 2839 3342 navigantibus

1720 3372 1971 3435 eminus
2000 3377 2243 3433 terram
2276 3369 2528 3432 salulat.
2562 3388 2638 3433 ac
2671 3368 2839 3434 forte

1722 3477 1929 3541 dicas:
1996 3476 2052 3539 si
2120 3476 2401 3555 specula.
2443 3475 2677 3540 editior
2725 3494 2835 3542 ne-

1721 3582 2010 3648 cessaria
2071 3581 2215 3662 fuit,
2280 3600 2393 3647 cur
2454 3602 2580 3647 non
2644 3602 2844 3663 supra

1723 3707 2036 3756 summum
2065 3688 2376 3753 vert-icem
2411 3690 2643 3769 capitis
2675 3689 2844 3753 oculi

1723 3796 2056 3863 constituti
2130 3804 2282 3859 sunt
2351 3796 2520 3859 sicut
2583 3797 2838 3861 cancris

1724 3908 1827 3973 vel
1872 3892 2241 3969 scarabaeis
2283 3902 2350 3967 in
2394 3921 2638 3967 summo
2672 3905 2844 3984 sunt,

1725 4013 1958 4093 quibus
2006 4011 2160 4076 licet
2207 4010 2451 4073 nullum
2496 4018 2692 4088 caput
2736 4009 2847 4073 ad-

1725 4128 1972 4199 pareat,
2030 4117 2196 4182 colla
2252 4136 2329 4181 ac
2385 4117 2575 4182 dorsa
2621 4124 2841 4180 tamen

580 2937 739 3005 ἀλλὰ
790 2943 899 3005 καὶ
946 2935 1084 3005 ὅσοι
1130 2950 1272 3013 ταῖς
1318 2936 1607 3024 κεραίαις

484 3054 622 3113 τῶν
659 3049 905 3111 πλοίων
939 3045 1264 3128 ἐπανίασι,
1302 3053 1609 3131 πρότεροι

491 3154 611 3243 τὴν
669 3161 782 3243 γῆν
837 3158 1163 3238 καθορῶσι
1220 3158 1346 3217 τῶν
1405 3150 1475 3216 ἐν
1531 3158 1611 3241 τῇ

492 3260 600 3343 νηὶ
657 3259 1026 3348 πλωτήρων.
1083 3265 1117 3324 ὃ
1174 3262 1292 3344 γὰρ
1339 3259 1452 3324 ἐπὶ
1498 3283 1609 3341 με·

494 3368 732 3449 τεώρου
779 3369 1059 3453 βεβηκὼς
1100 3369 1374 3431 πλείονα
1411 3372 1610 3453 χωρία

490 3478 740 3538 θεᾶται
785 3485 912 3538 τῶν
961 3472 1030 3538 ἐκ
1077 3480 1563 3559 ταπεινοτέρου.

585 3815 662 3878 cf.
712 3815 1031 3880 Galenum
1079 3834 1290 3897 supra.
1657 3580 1665 3967 s

1661 3972 1665 4056 ἱ

1662 4059 1670 4158 Ιι

681 4292 718 4350 ¹)
757 4291 889 4343 Cum
938 4290 1132 4344 Galeui
1171 4292 1493 4346 vocabulum
1546 4294 1712 4365 ἔργον
1750 4294 2038 4347 Ambrosio
2088 4292 2346 4360 frigidius
2396 4308 2516 4346 esse
2554 4292 2852 4357 videretur,

498 4381 635 4438 illud
673 4362 903 4448 poetiss'c‘
934 4362 1143 4434 diotffi'
1191 4378 1385 4433 σκοπιὰ
1423 4405 1494 4424 =
1533 4382 1825 4449 ‚,specula“
1868 4398 1932 4436 ex
1986 4381 2177 4436 Basilii
2233 4380 2401 4434 simili
2444 4382 2851 4435 sentenatirum

499 4488 642 4528 nexu
682 4470 916 4538 petitum
958 4470 1014 4523 in
1053 4470 1248 4525 Galeni
1288 4471 1594 4523 orationem
1638 4471 1949 4525 substituit.
2543 4544 2569 4591 2
