3425 5167
1457 506 1857 568 -7-

485 684 612 750 hac
658 684 1058 765 expositione
1106 684 1315 765 magis
1362 703 1552 764 quam
1599 684 1747 751 aliis
1794 684 1955 752 locis
1988 690 2321 765 spectatae
2353 684 2506 751 fidei
2538 692 2839 753 auctores

495 790 914 872 consuluisse,
979 809 1247 872 quorum
1312 791 1666 858 auctoritas
1724 792 2067 872 plurimum
2132 792 2302 874 apud
2366 812 2513 861 eum
2560 793 2839 859 valebat.

486 896 615 981 Qui
644 896 858 962 fontes
889 915 1034 963 cum
1082 897 1294 963 adhuc
1339 897 1480 965 fere
1525 898 1917 981 inexplorati
1960 900 2239 981 iaceant,
2288 918 2526 981 operae
2560 900 2840 980 pretium

491 1021 640 1070 esse
689 1004 990 1070 existimo
1035 1005 1132 1071 eis
1177 1006 1658 1087 investigandis
1703 1004 1990 1071 studium
2036 1006 2432 1086 impendere.

659 1110 792 1176 Sed
827 1110 1135 1192 profiteor
1165 1130 1269 1177 me
1317 1112 1514 1178 etiam
1560 1113 1690 1177 alia
1738 1112 1819 1178 de
1866 1131 2061 1178 causa
2107 1119 2491 1179 commotum
2549 1131 2715 1189 esse,
2768 1119 2840 1178 ut

488 1219 770 1283 animum
819 1219 886 1282 in
933 1219 1105 1283 hunc
1136 1218 1464 1284 Ambrosii
1509 1225 1858 1285 tractatum
1890 1219 2311 1285 intenderem.
2374 1220 2537 1285 Nam
2566 1218 2839 1285 Reiffer-
2934 1268 2945 1279 .

486 1325 837 1407 scheidius,
897 1324 1190 1390 Suetonii
1244 1325 1662 1405 reliquiarum
1720 1326 1929 1391 editor
1973 1333 2108 1390 tam
2155 1327 2323 1393 bene
2370 1327 2662 1408 merituS,
2712 1344 2838 1391 uno

487 1433 782 1512 exemplo
837 1452 920 1498 ex
977 1433 1306 1498 Ambrosii
1351 1433 1516 1497 libro
1574 1440 1763 1498 sexto
1826 1434 2023 1498 allato
2043 1434 2090 1513 1)
2153 1434 2631 1500 demonstravit
2684 1434 2839 1499 scri·

488 1547 737 1619 ptorem
784 1540 850 1604 in
899 1540 1002 1605 his
1049 1540 1332 1605 homiliis
1397 1540 1593 1607 etiam
1657 1558 1768 1606 eos
1827 1539 2118 1606 Suetonii
2175 1541 2377 1606 libros
2439 1540 2834 1622 deperditos,

486 1647 720 1726 quibus
782 1647 1050 1711 Pratum
1111 1647 1606 1728 inscribebatur,
1667 1648 2043 1728 respexisse
2064 1646 2131 1731 ²).
2237 1646 2638 1730 Quamquam
2695 1654 2839 1727 post

488 1752 1098 1819 Reifferscheidium
1153 1771 1341 1820 nemo
1403 1754 1694 1834 reliquiis
1745 1754 2159 1821 Suetonianis
2208 1755 2376 1836 apud
2425 1753 2839 1821 Ambrosium

490 1860 774 1927 servatis
828 1878 1090 1941 operam
1148 1860 1434 1943 navavit,
1491 1866 1711 1928 tamen
1770 1861 2056 1927 Schenkl
2103 1862 2487 1942 scriptorem
2532 1862 2838 1944 physicas

489 1966 824 2047 opiniones
857 1968 1240 2048 saepissime
1271 1986 1354 2033 ex
1385 1967 1691 2034 Suetonio
1738 1969 2128 2049 repetivisse
2163 1976 2347 2035 ratus
2378 1968 2462 2034 de
2492 1968 2835 2034 Exaemeri

489 2074 778 2140 fontibus
825 2075 979 2140 edit.
1026 2074 1230 2155 praef.
1276 2095 1336 2156 p.
1383 2074 1546 2139 XVI
1591 2075 1834 2141 iudicat
1878 2076 2001 2141 hoc
2048 2075 2259 2141 modo:
2315 2075 2641 2154 „Plurima
2673 2092 2837 2155 quae

489 2182 571 2247 ad
617 2200 833 2248 rerum
879 2188 1146 2246 naturas
1194 2181 1656 2247 describendas
1695 2182 2029 2262 pertinent
2075 2201 2159 2248 ex
2189 2182 2456 2263 Basilio,
2506 2200 2712 2262 pauca
2757 2200 2839 2246 ex

491 2307 569 2354 ea
614 2308 806 2369 quam
855 2289 989 2353 vita
1035 2289 1408 2370 suppeditat
1454 2289 1824 2371 cognitione
1873 2289 2111 2367 hausit,
2169 2296 2392 2355 cetera
2438 2288 2578 2355 fere
2625 2290 2838 2354 omnia

486 2396 568 2461 ad
631 2415 827 2461 unum
889 2403 1217 2462 auctorem
1276 2396 1621 2462 referenda
1683 2404 1855 2478 sunt,
1922 2396 2319 2477 Suetonium,
2383 2403 2453 2462 et
2510 2396 2593 2461 ad
2639 2416 2833 2461 unum

488 2522 668 2585 opus,
716 2504 918 2567 Prata
966 2502 1257 2569 Suetonii
1306 2556 1318 2568 .
1370 2554 1382 2566 .
1430 2504 1483 2566 .“
1583 2503 1744 2569 Cum
1792 2504 1894 2569 vir
1940 2504 2167 2569 doctus
2214 2504 2414 2569 talem
2462 2505 2840 2585 comprobet

489 2612 902 2693 sententiam,
951 2618 1130 2677 certe
1178 2611 1396 2692 magni
1438 2611 1745 2677 momenti
1778 2614 1974 2693 esset,
2023 2612 2077 2677 si
2113 2611 2453 2676 Ambrosio
2487 2611 2837 2678 adiuvante

489 2718 828 2784 clariorem
889 2724 958 2782 et
1019 2718 1488 2783 distinctiorem
1550 2718 1735 2783 Prati
1800 2718 2109 2783 librorum
2177 2716 2469 2799 effigiem
2512 2717 2837 2799 refingere

487 2843 840 2906 possemus.
959 2825 1233 2891 Accedit
1310 2824 1477 2904 quod
1557 2824 1811 2890 Schanz
1879 2826 2213 2891 contendit
2276 2824 2652 2891 Suetonium
2707 2842 2837 2890 non

486 2933 692 2997 solum
749 2932 829 2998 de
876 2932 1054 2998 vitiis
1113 2931 1570 3012 corporalibuS,
1620 2949 1702 2995 ex
1748 2950 1870 3010 quo
1918 2932 2161 3012 scripto
2209 2950 2453 3012 paucae
2500 2931 2836 3012 exilesque

487 3038 802 3118 reliquiae
847 3056 1020 3102 nunc
1066 3036 1402 3117 exstant,⁸)
1450 3036 1568 3102 sed
1615 3037 1811 3102 etiam
1858 3037 1941 3103 de
1989 3037 2134 3101 sani
2180 3039 2464 3117 corporis
2512 3044 2838 3103 structura

489 3151 556 3210 et
617 3144 913 3225 partibus
980 3144 1324 3225 scripsisse
1345 3140 1414 3226 ⁴).
1508 3142 1688 3226 Quae
1750 3162 1894 3208 cum
1955 3144 2051 3208 ita
2116 3144 2268 3224 sint,
2329 3143 2523 3211 facile
2570 3161 2645 3210 eo
2691 3163 2836 3226 per-

489 3251 715 3317 venire
777 3269 1137 3330 possumus,
1202 3256 1274 3315 ut
1335 3251 1674 3317 credamus
1740 3269 2053 3316 summam
2112 3251 2303 3316 huius
2366 3250 2839 3317 Ambrosianae

491 3358 914 3439 expositionis
974 3363 1227 3438 partem
1290 3377 1372 3423 ex
1433 3357 1741 3423 Suetonio
1799 3359 2204 3437 desumptam
2261 3376 2429 3424 esse.
2520 3357 2599 3423 In
2646 3377 2840 3438 quam

488 3465 879 3531 sententiam
928 3465 1231 3546 delapsus
1281 3472 1384 3530 est·
1413 3465 1555 3545 ipse
1587 3464 1857 3543 Schanz,
1908 3465 2017 3546 qui
2049 3465 2130 3530 de
2154 3466 2478 3531 Ambrosii
2512 3466 2835 3547 excerptis

489 3571 902 3639 Suetonianis
948 3571 1194 3638 iudicat
1239 3573 1433 3639 haec:
1480 3571 1622 3636 Dass
1672 3572 2056 3637 Ambrosius
2106 3572 2221 3637 das
2254 3573 2522 3637 Pratum
2556 3572 2833 3639 Suetons

487 3682 782 3763 gekannt
841 3682 974 3761 hat,
1048 3678 1238 3744 dafiir
1299 3679 1480 3745 steht
1537 3679 1643 3743 ein
1709 3672 1999 3745 sicheres
2065 3680 2355 3759 Beispiel
2415 3698 2499 3743 zu
2565 3678 2834 3745 Gebote.

491 3788 669 3852 Aber
734 3787 913 3853 diese
975 3787 1370 3869 Benutzung
1429 3786 1686 3851 scheint
1749 3786 1939 3852 einen
1989 3786 2122 3853 viel
2175 3786 2494 3868 grosseren
2551 3786 2837 3869 Umfang

489 4014 653 4069 obvia
709 4015 1102 4083 perstringere,
1159 4031 1268 4069 nen
1322 4020 1598 4080 tamquam
1656 4014 1854 4069 medici
1904 4014 2119 4082 plenius
2174 4020 2421 4069 scrutare
2456 4014 2740 4069 videamur
2778 4020 2838 4069 et

487 4104 765 4171 persequi,
789 4119 928 4170 quae
964 4110 1197 4158 naturae
1231 4103 1483 4165 latibulis
1521 4104 1847 4158 abscondita
1885 4108 2031 4159 sunt.

667 4191 707 4259 1)
744 4192 779 4246 l.
817 4191 899 4245 VI
935 4191 967 4261 ἓ
1005 4195 1074 4245 21
1110 4210 1162 4259 p.
1199 4195 1306 4244 220
1342 4193 1463 4247 Sch.

667 4279 712 4346 2)
749 4280 1067 4336 Reiffersch.
1105 4281 1324 4348 Quaest.
1363 4282 1512 4337 Suet.
1551 4300 1602 4349 p.
1639 4283 1762 4333 443.
1826 4325 1829 4331 .

667 4372 711 4440 ³)
751 4369 899 4425 Suet.
939 4369 1093 4437 reliq.
1131 4387 1166 4438 p
1205 4373 1308 4423 272
1347 4386 1427 4437 sq,
1464 4371 1628 4439 frgm.
1669 4372 1970 4423 170—173.

667 4459 710 4529 4)
747 4462 987 4517 Hermae
1021 4456 1132 4515 vol.
1170 4459 1326 4513 XXX
1361 4461 1546 4529 (1895)
1583 4476 1635 4527 p.
1671 4461 1779 4511 412
1819 4474 1935 4527 sqq.
