3425 5167
1474 482 1921 545 *55*

511 661 808 725 sumendi
844 663 1052 726 victus
1099 667 1170 727 et
1214 662 1574 742 eloquendi.
1665 663 1889 745 lingua
1921 663 2095 727 intus
2126 662 2396 745 inclusa,
2444 679 2611 741 (11100
2638 678 2867 729 vocem

511 767 791 833 motibus
851 769 988 833 suis
1050 768 1115 832 in
1172 770 1374 834 verba
1437 769 1761 835 discernit.
1810 779 1878 834 et
1940 778 2042 853 est
2095 770 2421 850 interpres
2483 768 2676 834 animi
2725 819 2739 833 .
2788 820 2801 831 .
2852 818 2867 831 .

510 874 741 941 dentes
787 878 1006 941 tamen
1055 875 1200 956 plus
1247 875 1590 941 conferunt
1643 876 1727 941 ad
1779 876 2197 955 loquendum:
2258 894 2407 941 110111
2466 882 2535 941 01
2576 874 2867 941 infantes

508 1001 638 1047 non
683 988 838 1049 ante
868 982 1190 1064 incipiunt
1218 981 1346 1047 fari
1379 1002 1569 1063 quam
1617 982 1849 1050 dentes
1890 984 2239 1049 habuerint
2284 989 2353 1050 et
2382 1002 2575 1049 senes
2605 982 2866 1047 amissis

509 1089 815 1155 dentibus
861 1090 956 1153 ita
1002 1089 1421 1172 balbuttiunt,
1481 1096 1554 1155 ut
1598 1090 1677 1155 ad
1739 1090 2082 1155 infantiam
2129 1089 2338 1157 denuo
2391 1090 2669 1157 revoluti
2716 1106 2865 1156 esse

514 1194 877 1263 videantur.
971 1196 1086 1261 sed
1133 1197 1298 1262 haec
1352 1196 1435 1262 ad
1482 1197 1809 1262 hominem
1866 1198 2069 1262 solum
2129 1198 2463 1279 pertinent
2515 1203 2629 1262 aut
2683 1214 2861 1275 aveS,

506 1302 574 1366 in
622 1303 856 1382 quibus
903 1303 1268 1368 acuminata
1315 1310 1385 1369 et
1416 1304 1673 1370 vibrata
1704 1304 1905 1370 certis
1937 1305 2217 1370 motibus
2247 1305 2473 1388 lingua
2501 1305 2863 1370 innumera·

511 1409 678 1476 biles
752 1419 1055 1476 cantuum
1130 1410 1444 1477 flexiones
1512 1418 1581 1477 et
1634 1412 1851 1478 varios
1912 1430 2213 1477 sonorum
2269 1411 2490 1477 modos
2545 1410 2865 1492 exprimit.

503 1519 704 1583 habet
743 1524 1087 1599 praeterea
1117 1524 1186 1585 et
1231 1517 1405 1583 aliud
1445 1516 1729 1584 officium
1772 1570 1785 1583 .
1820 1570 1833 1600 2
1868 1571 1879 1582 .
1928 1518 2096 1598 quod
2142 1521 2455 1587 contritos
2502 1525 2572 1585 et
2614 1534 2862 1598 permo-

502 1624 654 1690 litos
714 1624 1018 1692 dentibus
1065 1626 1245 1691 cibos
1293 1626 1543 1708 colligit
1589 1630 1658 1691 et
1702 1626 2123 1707 conglobatos
2168 1628 2237 1695 vi
2282 1646 2401 1693 sua
2447 1624 2751 1707 deprimit
2796 1628 2869 1688 et

502 1732 888 1816 transmittit
944 1732 1026 1798 ad
1073 1738 1370 1798 ventrem
1405 1784 1418 1798 .
1455 1783 1466 1796 .
1500 1783 1512 1796 .
1605 1732 1791 1799 Haec
1835 1734 2055 1814 itaque
2116 1734 2319 1815 palati
2366 1750 2646 1799 concavo
2700 1738 2864 1795 tam-

508 1857 696 1918 quam
743 1839 1075 1906 testudine
1105 1840 1352 1921 tegitnr
1385 1891 1398 1905 .
1437 1892 1450 1905 .
1485 1839 1537 1904 .“
1608 1839 2051 1907 Observamus
2082 1842 2286 1923 igitur
2313 1842 2489 1906 inter
2517 1846 2863 1917 utrumque

501 1946 886 2027 scriptorem
947 1946 1177 2011 miram
1257 1947 1728 2013 sententiarum
1792 1948 2311 2014 concinnitatem.
2424 1946 2714 2025 Uterque
2778 1942 2863 2009 de

498 2072 641 2136 usu,
690 2071 880 2133 quem
950 2071 1141 2119 senes
1214 2061 1280 2119 et
1337 2053 1624 2119 infantes
1694 2073 1778 2122 ex
1832 2054 2137 2120 dentibus
2206 2056 2487 2136 capiunt,
2557 2052 2861 2132 loquitur,

497 2170 773 2240 uterque
820 2161 1060 2241 duplex
1118 2161 1249 2226 oris
1307 2179 1538 2226 munus
1595 2160 1663 2225 in
1729 2161 1978 2227 edendo
2040 2169 2108 2227 et
2172 2162 2493 2242 loquendo
2554 2163 2859 2225 constare

498 2268 783 2350 exponit,
829 2275 1105 2348 uterque
1152 2268 1439 2333 ostendit
1485 2272 1757 2333 cantum
1802 2267 2172 2335 hominibus
2222 2287 2366 2334 cum
2414 2268 2645 2335 avibus
2692 2283 2860 2331 com-

497 2393 757 2440 munem
788 2393 954 2455 esse,
989 2382 1260 2455 uterque
1292 2374 1578 2456 linguam
1615 2372 1695 2437 ad
1730 2374 1908 2439 cibos
1949 2373 2253 2441 dentibus
2286 2373 2681 2457 colligendos
2712 2391 2859 2438 0011-

496 2482 672 2548 101·το
719 2486 1004 2563 enarrat,
1051 2487 1327 2561 uterque
1371 2500 1442 2547 os
1490 2499 1632 2547 cum
1666 2480 1997 2547 testudine
2044 2482 2319 2562 (100(10111
2360 2482 2661 2547 similiter
2692 2498 2857 2546 com·

503 2595 707 2671 parat.
801 2588 931 2655 Sed
997 2589 1078 2653 ab
1143 2589 1349 2654 altera
1406 2595 1591 2670 parte
1653 2589 1975 2655 neminem
2040 2588 2253 2671 fugiet
2317 2588 2726 2655 Ambrosium
2790 2592 2861 2653 et

500 2696 916 2761 Lactantium
961 2695 1029 2761 in
1077 2696 1354 2776 singulis
1413 2696 1760 2762 sententiis
1807 2696 2317 2778 interpretandis
2379 2696 2639 2776 saepius
2685 2697 2862 2760 inter

500 2821 573 2869 se
621 2803 961 2870 dissidere.
1053 2802 1162 2868 Sic
1208 2801 1288 2869 de
1335 2821 1476 2885 usu,
1527 2822 1720 2883 quem
1766 2802 1998 2869 dentes
2056 2805 2321 2869 senibus
2368 2802 2670 2883 afferunt,
2727 2821 2853 2866 non

497 2910 671 2974 idem
747 2910 1077 2975 exhibent.
1191 2910 1550 2975 Praeterea
1616 2910 1999 2974 Ambrosius
2069 2910 2164 2991 id,
2237 2910 2403 2990 quod
2468 2909 2853 2974 Lactantius

502 3015 744 3097 laudat,
796 3022 1121 3095 tamquam
1170 3016 1410 3080 invitus
1460 3016 1777 3094 concedit,
1828 3016 2080 3082 scilicet
2109 3017 2478 3082 hominibus
2526 3034 2671 3080 cum
2717 3010 2890 3082 avi-⁰

497 3125 619 3189 bus
667 3139 971 3189 canorum
1019 3120 1354 3187 commune
1401 3140 1565 3189 esse.
1658 3122 1956 3201 Denique
1996 3121 2182 3213 'apud
2230 3122 2643 3188 Ambrosium
2685 3121 2849 3186 illud

503 3228 932 3314 „interpres“,
981 3228 1148 3309 quod
1195 3229 1416 3295 nescio
1474 3247 1558 3294 an
1606 3247 1686 3294 ex
1735 3228 1988 3295 Graeco
2036 3224 2364 3309 ἑξάγγελος
2409 3235 2621 3293 ortum
2675 3228 2764 3293 sit
2778 3227 2847 3310 ¹),

498 3338 768 3403 eandem
811 3338 941 3404 vim
987 3337 1189 3402 habet
1243 3342 1437 3416 atque
1481 3331 1663 3415 λόγος
1698 3330 2109 3419 ἐνδιάθετος,
2160 3355 2302 3403 00111
2350 3336 2520 3418 apud
2567 3336 2847 3401 Lactan-

496 3444 659 3511 tium
711 3444 887 3510 idem
921 3445 1167 3519 ⁸valeat
1225 3448 1420 3523 atque
1477 3438 1660 3521 λόγος
1724 3438 2133 3525 προφορικός.
2225 3443 2473 3527 Quibus
2534 3442 2852 3525 exemplis

495 3551 840 3618 edocemur
899 3550 1306 3616 Ambrosium
1373 3556 1553 3635 certe
1614 3568 1742 3614 non
1806 3568 1887 3616 ex
1951 3550 2297 3616 Lactantio
2356 3549 2663 3632 pendere,
2730 3549 2849 3616 sed

494 3666 836 3739 utrumque
881 3659 1263 3739 scriptorem
1308 3656 1389 3721 ad
1439 3655 1732 3721 Stoicum·
1782 3663 2111 3723 auctorem
2166 3656 2404 3738 redire,
2466 3657 2648 3720 cuius
2704 3656 2850 3721 (100-

492 3766 666 3830 trina
729 3783 845 3847 per
890 3765 1332 3831 Hermeticum
1387 3764 1789 3845 scriptorem,
1852 3763 1910 3827 si
1958 3763 2259 3828 Brandtii
2318 3764 2646 3833 sententia
2690 3780 2851 3828 vera

497 3878 618 3942 est,
675 3871 758 3934 ad
804 3871 1217 3936 Lactantium
1263 3870 1466 3935 fluxit.
1518 3907 1588 3914 -
1647 3870 1791 3937 Hoc
1836 3871 2035 3936 etiain
2093 3871 2219 3935 alio
2264 3871 2592 3946 luculento
2638 3888 2847 3936 exem·

493 3976 600 4057 plo
659 3975 1086 4042 confirmatur.
1181 3977 1432 4043 Brandt
1500 3978 1675 4045 enim
1740 3985 1920 4043 recte
1986 3978 2359 4044 observavit
2412 3978 2844 4057 Lactantium,

491 4100 638 4147 cum
685 4082 860 4147 dicat
911 4083 1148 4165 „habet
1195 4090 1535 4164 praeterea
1581 4092 1650 4150 et
1705 4083 1879 4148 aliud
1927 4083 2207 4150 officium
2241 4134 2254 4147 .
2289 4135 2301 4148 .
2336 4136 2348 4148 .
2396 4084 2564 4164 quod
2610 4084 2845 4149 contri-

492 4196 595 4255 tos
657 4198 725 4254 et
777 4189 1154 4270 permolitos
1213 4189 1519 4256 dentibus
1587 4191 1765 4256 cibos
1812 4191 2090 4272 'colligit
2158 4197 2226 4256 et
2293 4191 2713 4273 conglobatos
2780 4192 2845 4256 vi

671 4402 712 4467 ¹)
752 4400 823 4453 ef.
858 4400 1085 4466 Heinze,
1126 4400 1306 4468 Logos
1345 4418 1392 4467 p.
1438 4406 1534 4453 142
1577 4400 1877 4473 ἑέτὲγγελος
1916 4410 2020 4457 τῶν
2060 4403 2220 4456 ἔνδον
2258 4406 2550 4476 λογισμῶν.
