3425 5167
669 1285 853 1351 Inter
913 1284 1242 1351 Ambrosii
1301 1284 1600 1358 homilias
1666 1283 2098 1372 Exaemeron,
2172 1301 2296 1364 quo
2366 1282 2447 1349 de
2511 1283 2843 1350 creatione

490 1391 714 1458 mundi
759 1392 1004 1475 agitur,
1061 1391 1486 1474 principalem
1533 1391 1746 1457 locum
1793 1391 2045 1458 obtinet
2064 1388 2129 1475 1).
2224 1389 2349 1473 Qui
2394 1390 2547 1455 libri
2603 1409 2686 1457 ex
2732 1408 2843 1455 no-

490 1519 638 1566 vem
685 1499 1090 1566 sermonibus
1139 1518 1257 1565 sex
1302 1498 1610 1581 deinceps
1659 1497 1889 1563 diebus
1936 1498 2019 1563 ad
2064 1498 2369 1579 populum
2420 1498 2713 1564 recitatis
2745 1497 2845 1561 ita

491 1607 829 1688 compositi
875 1612 1046 1690 sunt,
1093 1613 1168 1671 ut
1211 1605 1376 1670 libro
1423 1605 1630 1687 primo
1677 1605 1876 1671 tertio
1924 1605 2147 1685 quinto
2194 1604 2351 1688 bini,
2410 1604 2577 1670 libro
2634 1604 2843 1671 altero

491 1721 722 1795 quarto
767 1720 952 1779 sexto
999 1713 1242 1795 singuli
1287 1712 1745 1778 contineantur
1792 1730 2144 1779 sermones,

671 1818 808 1902 Quo
856 1825 1118 1885 auctore
1163 1819 1546 1885 Ambrosius
1591 1820 1661 1884 in
1706 1819 1811 1885 1118
1860 1819 1946 1884 011
1992 1816 2303 1885 Genesim
2359 1820 2843 1885 commentariis

493 1928 903 2010 potissimum
950 1946 1105 1992 usus
1154 1927 1243 1993 sit
1273 1926 1466 1993 facile
1498 1926 1910 2013 perspicitur,
1962 1926 2088 1991 etsi
2119 1926 2400 2007 scriptor
2430 1927 2575 2007 ipse
2607 1945 2843 1992 nomen

494 2036 653 2118 eius,
733 2054 922 2115 quem
1000 2037 1262 2100 secutus
1340 2037 1462 2116 est,
1542 2052 1718 2100 more
1791 2052 1907 2099 suo
1969 2033 2221 2100 reticet.
2317 2032 2444 2100 Sed
2500 2023 2845 2099 edocemur

495 2142 875 2224 Hieronymi
923 2140 1144 2207 verbis
1191 2141 1373 2206 hisce
1394 2140 1479 2217 ²):
1533 2158 1781 2222 „nuper
1826 2140 2209 2206 Ambrosius
2256 2141 2351 2206 sic
2391 2140 2843 2207 Hexaemeron

492 2250 667 2315 illius
749 2244 1092 2332 (Originis)
1172 2248 1566 2330 compilavit,
1647 2252 1720 2312 111
1794 2247 2003 2329 magis
2068 2247 2410 2329 Hippolyti
2481 2246 2845 2314 sententias

496 2356 856 2437 Basiliique
905 2354 1342 2435 sequeretur.“
1439 2355 1730 2421 Rectene
1776 2354 2214 2436 Hieronymus
2261 2355 2343 2421 de
2385 2354 2654 2437 Origine
2686 2354 2845 2435 Hip·

492 2465 842 2545 polytoque
888 2462 1217 2529 Ambrosii
1273 2463 1645 2528 auctoribus
1707 2462 1954 2528 referat
2000 2461 2268 2529 difficile
2317 2469 2422 2529 est
2468 2460 2842 2543 diiudicatu,

496 2570 662 2651 quod
709 2589 918 2652 pauca
962 2575 1215 2635 tantum
1248 2570 1354 2637 vel
1385 2569 1551 2634 nihil
1583 2588 1664 2636 ex
1697 2570 2198 2652 commentariiS,
2250 2587 2407 2649 quos
2440 2569 2508 2633 in
2534 2568 2845 2635 Genesim

495 2678 917 2760 scripserunt,
977 2681 1261 2743 aetatem
1316 2678 1622 2743 tulerunt.
1718 2676 1973 2742 Certius
2030 2676 2317 2742 iudicare
2374 2694 2716 2757 possumus
2763 2676 2845 2740 de

494 2784 738 2850 Basilio
794 2784 1123 2850 Ambrosii
1179 2791 1461 2866 auctore,
1520 2784 1702 2849 cuius
1749 2802 1981 2850 novem
2026 2784 2332 2849 homiliae
2390 2784 2471 2849 de
2517 2783 2845 2849 creatione

495 2892 715 2957 mundi
785 2891 1049 2957 habitae
1119 2891 1201 2955 ad
1264 2892 1637 2956 memoriam
1694 2897 1984 2955 nostram
2032 2897 2492 2971 pervenerunt.
2586 2892 2682 2955 Ac
2728 2907 2843 2955 suo

494 2999 636 3061 iure
703 2999 1137 3079 Hieronymus
1200 2996 1358 3060 dicit
1422 2998 1827 3061 Ambrosium
1898 2997 2088 3061 huius
2155 2998 2439 3061 auctoris
2512 3015 2842 3063 sermones

497 3100 970 3185 compilavisse.
1062 3103 1185 3167 Ille
1242 3103 1414 3167 enim
1469 3121 1551 3168 ex
1596 3103 1843 3167 Basilio
1888 3103 1983 3167 ita
2028 3103 2292 3185 pendet,
2351 3108 2422 3168 ut
2468 3104 2879 3183 plerumque.

497 3212 768 3283 eandem
829 3209 1319 3290 dispositionem
1382 3215 1622 3291 servet,
1703 3227 1901 3290 saepe
1964 3212 2167 3276 verba
2247 3210 2505 3291 singula
2565 3210 2843 3291 singulis

496 3317 748 3399 reddat,
797 3317 927 3383 alia
972 3316 1306 3383 Basiliana
1351 3316 1622 3382 liberius
1669 3323 1737 3382 et
1784 3317 2046 3383 uberius
2091 3317 2563 3398 interpretetur
2586 3314 2656 3399 ²³).
2739 3315 2842 3380 Ex

496 3425 780 3491 editione
829 3424 1327 3505 Schenkeliana,
1375 3424 1441 3490 in
1491 3442 1617 3502 qua
1664 3424 1746 3487 ad
1795 3424 2087 3505 singulas
2135 3424 2576 3505 paragraphos
2609 3422 2844 3489 Basilii

493 3532 618 3598 loci
664 3532 926 3615 gemelli
973 3531 1262 3608 adnotati
1312 3537 1483 3612 sunt,
1532 3529 1726 3597 facile
1774 3532 2202 3613 cognoscitur,
2263 3550 2451 3611 quam
2500 3536 2642 3596 arte
2690 3531 2841 3594 Am-

498 3641 748 3705 brosius
797 3640 880 3704 ad
925 3643 1256 3704 auctorem
1303 3657 1488 3703 suum
1535 3656 1608 3703 se
1656 3638 2099 3718 applicaverit.

641 3834 684 3900 1)
723 3834 790 3887 cf.
828 3834 1028 3888 Ebert:
1068 3832 1265 3887 Gesoh.
1302 3833 1355 3887 d.
1393 3831 1607 3886 christl.
1645 3832 1743 3886 lat.
1779 3832 2011 3887 Literat.
2051 3831 2079 3885 Ι
2121 3834 2257 3883 1889
2294 3848 2345 3899 p.
2388 3834 2513 3884 152:
2553 3832 2665 3885 Das
2703 3831 2846 3885 inte-

497 3928 837 3977 ressanteste
876 3940 926 3976 u.
949 3921 1472 3977 litterarhistorisch
1492 3921 1819 3990 wichtigste
1843 3922 2015 3976 Werk
2040 3920 2219 3977 dieser
2237 3920 2438 3976 Klasse
2457 3921 2552 3975 der
2571 3920 2846 3974 Schriften

498 4011 596 4064 des
630 4011 948 4066 Ambrosius
986 4012 1063 4065 ist
1100 4012 1231 4066 aber
1270 4013 1411 4067 ohne
1447 4010 1627 4079 Frage
1665 4014 1765 4065 das
1801 4027 1910 4066 von
1948 4012 2062 4065 ihm
2088 4011 2147 4064 in
2172 4010 2593 4066 seinenletzten
2610 4010 2847 4064 Lebens·

495 4100 691 4167 jahren
728 4100 1000 4155 verfasste
1036 4100 1413 4155 Hexaemeron
1451 4141 1465 4154 .
1505 4140 1520 4155 .
1559 4103 1605 4152 .“

679 4190 720 4257 2)
758 4188 1104 4256 Hieromep.
1143 4193 1230 4255 84,
1253 4193 1300 4243 7.
1938 4248 1941 4253 ,

678 4279 721 4347 ⁸)
759 4277 906 4344 Quae
967 4278 1111 4333 ratio
1174 4279 1485 4334 intercedat
1539 4279 1687 4334 inter
1752 4278 2019 4333 Basilium
2074 4284 2133 4333 et
2178 4278 2525 4333 Ambrosium
2583 4275 2845 4344 exemplis

497 4367 807 4422 illustravit
853 4366 1014 4421 Plass
1066 4367 1178 4433 „De
1215 4367 1409 4421 Basilii
1459 4372 1514 4422 01
1550 4366 1828 4422 Ambrosii
1877 4368 2147 4435 excerptis
2193 4369 2264 4422 ad
2309 4367 2598 4422 historiam
2638 4366 2846 4421 anima-

495 4456 632 4510 lium
671 4455 1113 4524 pertinentibus“
1152 4456 1372 4511 dissert.
1409 4456 1687 4525 Marburg.
1764 4459 1920 4513 1905.
