3425 5167
1447 511 1522 519 ...-
1619 476 1703 541 13
1800 513 1884 523 .-

482 648 752 735 (218Α);
844 648 1144 723 Ὀδόντες
1206 646 1371 733 ὁμοῖ
1433 651 1555 738 μεν
1609 658 1828 740 φωνῆς
1887 651 2128 739 ὄργανα
2188 707 2201 719 .
2250 707 2261 720 .
2312 708 2324 720 .
2386 650 2553 735 ὁμοῦ
2606 654 2675 719 δὲ
2730 656 2840 717 καὶ

483 764 720 846 τροφῆς
783 760 1136 844 ὑπηρέταις
1205 759 1268 822 οἱ
1335 759 1460 840 μὲν
1531 765 1875 841 τέμνοντες
1940 764 2163 849 αὐτήν,
2224 761 2284 824 οἱ
2344 760 2414 824 δὲ
2474 762 2840 834 λεαίνοντες

487 868 804 949 duplicem
878 869 1162 933 dentium
1229 888 1414 934 usum
1481 870 1783 935 similiter
1844 871 2131 950 explicat
2195 878 2388 949 atque
2458 871 2838 936 Ambrosius

485 975 542 1057 (ξ
590 977 697 1055 66)
759 976 952 1057 „quid
1019 995 1140 1058 ego
1203 976 1564 1041 describam
1639 978 1929 1043 dentium
2000 979 2255 1059 vallum,
2323 994 2446 1057 quo
2506 976 2843 1043 conficitur

487 1084 671 1147 cibus
721 1089 789 1149 et
835 1084 1070 1164 plenae
1115 1082 1192 1147 fit
1237 1086 1416 1149 vocis
1464 1086 1797 1165 expressio
1816 1083 1890 1149 ?“
1948 1085 2059 1151 ubi
2112 1086 2487 1150 Ambrosius
2519 1084 2838 1149 Basiliani

485 1190 804 1255 enuntiati
868 1209 993 1255 non
1056 1197 1187 1256 tam
1258 1192 1459 1256 verba
1521 1210 1713 1270 quam
1780 1211 2043 1257 sensum
2108 1193 2382 1258 reddere
2430 1191 2702 1257 videtur.
2748 1223 2842 1239 —·

483 1297 783 1377 Denique
817 1298 1103 1363 Schenkl
1140 1318 1332 1363 unum
1369 1298 1562 1364 affert
1593 1300 1979 1382 exemplum,
2015 1297 2179 1379 quod
2206 1300 2272 1363 in
2306 1300 2403 1365 eis
2437 1298 2839 1363 sermonibus

483 1404 727 1470 Basilio
803 1404 1124 1485 ascriptis,
1203 1406 1435 1484 quibus
1505 1407 1603 1470 Dc
1681 1412 2008 1472 structura
2084 1407 2363 1472 hominis
2438 1406 2836 1480 inscribitur,

482 1513 776 1577 occurrit.
850 1509 1247 1594 Quamquam
1282 1514 1662 1578 Ambrosius
1712 1533 1857 1579 cum
1889 1515 1993 1579 his
2028 1514 2433 1579 sermonibus
2464 1512 2836 1590 ceteroquin

481 1619 647 1683 nihil
692 1620 894 1684 habet
939 1638 1291 1701 commune,
1357 1630 1572 1687 tamen
1640 1640 1766 1686 uno
1831 1622 1971 1687 loco
2020 1622 2405 1701 scriptorum
2470 1618 2838 1684 sententiae

484 1726 610 1791 sibi
678 1726 1095 1806 respondent.
1187 1727 1346 1792 Nam
1416 1728 1528 1795 ille
1591 1747 1960 1794 sermonum
2025 1729 2304 1808 scriptor
2367 1726 2447 1793 de
2496 1726 2723 1793 avibus
2770 1733 2839 1790 et

485 1833 693 1897 beluis
753 1834 1005 1897 locutus
1072 1835 1366 1899 homines
1434 1836 1670 1900 mentis
1741 1836 1965 1918 vigore
2023 1836 2328 1900 similiter
2375 1831 2596 1899 efferri
2643 1840 2838 1911 atque

485 1957 642 2005 aves
700 1940 943 2005 alarum
995 1942 1212 2006 volatu
1260 1942 1381 2007 hoc
1431 1943 1614 2007 modo
1664 1942 2089 2026 describit¹):
2168 1940 2359 2004 Εἴπω
2392 1958 2493 2003 σοι
2526 1939 2679 2023 περὶ
2710 1946 2839 2001 τῶν

485 2026 884 2130 πετοῇιένων,
945 2039 1046 2110 ὅτι
1102 2049 1218 2111 οὔκ
1277 2044 1617 2130 ἀναβαίνει
1678 2047 1804 2129 μὲν
1864 2042 1897 2110 ὁ
1959 2045 2317 2132 ἄνθρωπος
2372 2044 2463 2118 εἰς
2518 2040 2631 2108 τὸν
2678 2041 2837 2130 ἀέρα

483 2150 749 2237 σώματι,
802 2155 876 2217 οὔ
924 2149 1043 2239 γὰρ
1092 2153 1222 2234 ἔχει
1272 2158 1501 2238 πτερά,
1551 2160 2101 2239 συμπαρίπταται
2144 2154 2214 2218 δὲ
2262 2160 2395 2225 τοῖς
2445 2160 2714 2237 πτηνοῖς
2759 2156 2840 2239 τῇ

483 2263 600 2323 'coi
630 2264 748 2322 νοῦ
777 2258 1067 2331 δυνάμει.
1103 2261 1290 2325 οὐδὲν
1323 2266 1580 2340 κατέχει
1611 2256 1724 2324 τὸν
1754 2265 1870 2325 τοῦ
1903 2259 2265 2346 ἀνθρώπου
2303 2257 2620 2341 λογισμόν.
2667 2260 2837 2325 Ean-

482 2368 627 2433 dem
659 2371 1048 2435 sententiam
1076 2372 1456 2436 Ambrosius
1493 2372 1595 2435 his
1623 2372 1841 2436 verbis
1879 2371 2187 2451 exprimit
2211 2368 2373 2454 (74):
2409 2387 2619 2449 „unus
2653 2368 2836 2446 quasi

487 2476 566 2539 de
645 2477 1020 2542 volatilibus
1097 2485 1200 2543 est
1275 2478 1483 2559 homo,
1564 2479 1665 2557 qui
1748 2479 1883 2543 alta
1956 2479 2103 2543 visu
2176 2486 2361 2559 petat
2432 2488 2500 2542 et
2562 2474 2835 2555 quodam

481 2582 752 2664 remigio
839 2586 1070 2649 volitet
1147 2586 1513 2651 sublimium
1603 2586 1965 2666 sagacitate
2053 2583 2419 2649 sensuum.“
2523 2582 2835 2647 Videmus

481 2686 893 2752 Ambrosium
967 2688 1239 2754 eandem
1311 2690 1431 2755 sibi
1505 2689 1755 2770 fingere
1832 2688 2197 2769 imaginem.
2310 2686 2465 2751 Cum
2544 2688 2832 2770 accedat,

485 2792 649 2871 quod
698 2796 862 2860 haec
909 2796 1237 2861 sententia
1293 2795 1458 2876 apud
1518 2795 1804 2875 reliquos
1853 2804 2169 2873 auctoreS,
2230 2813 2386 2873 quos
2458 2796 2833 2860 Ambrosius

479 2900 544 2964 in
611 2903 734 2966 hoc
803 2908 1083 2967 tractatu
1161 2904 1498 2982 consuluit,
1572 2921 1696 2966 non
1774 2902 2123 2983 invenitur,
2203 2919 2324 2981 ego
2387 2902 2641 2979 quidem
2706 2921 2833 2966 non

483 3008 861 3087 negaverim
913 3025 1058 3070 eum
1104 3007 1226 3071 hoc
1271 3008 1408 3071 loco
1456 3008 1632 3071 illum
1684 3025 2049 3071 sermonem
2098 3008 2439 3085 respicere.
2487 3000 2576 3051 —'

664 3148 936 3213 Praeter
981 3150 1144 3214 haec
1193 3150 1492 3230 exempla
1553 3169 1632 3215 ex
1678 3150 1925 3214 Basilio
1975 3150 2137 3213 nihil
2186 3149 2531 3229 colligitur.
2626 3150 2833 3232 Quam

484 3274 689 3335 pauca
736 3256 888 3321 inde
934 3256 1259 3327 lucremur
1313 3257 1393 3321 ad
1455 3258 1782 3323 Ambrosii
1840 3262 2183 3322 tractatum
2249 3257 2830 3338 interpretandum,

482 3361 594 3427 vix
641 3381 799 3444 opus
847 3369 952 3428 est
997 3365 1365 3444 explanare.
1445 3364 1606 3428 Nam
1640 3384 1737 3435 ea,
1788 3383 1953 3443 quae
1990 3364 2367 3429 Ambrosius
2405 3363 2556 3429 huic
2588 3365 2833 3429 auctori

482 3470 694 3549 debet,
761 3470 1026 3536 levioris
1096 3478 1249 3536 sunt
1315 3472 1619 3537 momenti
1679 3490 1891 3549 neque
1955 3472 2290 3549 quicquam
2352 3471 2695 3535 conferunt
2749 3470 2829 3534 ad

480 3578 930 3659 explicandam
976 3578 1312 3657 scriptoris
1361 3578 1686 3642 scribendi
1751 3578 2067 3641 rationem
2114 3596 2311 3658 supra
2368 3577 2831 3643 adumbratam.

479 3686 710 3750 Totum
758 3686 1180 3767 expositionis
1213 3684 1722 3765 fundamentum,
1774 3683 1943 3763 quod
1987 3684 2053 3747 in
2088 3683 2516 3764 describenda
2546 3685 2831 3764 corporis

479 3792 883 3875 perfectione
944 3792 1223 3876 positum
1288 3801 1408 3874 est,
1482 3792 1861 3857 Ambrosius
1924 3790 2094 3874 apud
2163 3790 2477 3855 Basilium
2538 3791 2831 3874 reperire

478 3918 606 3964 non
653 3901 885 3984 potuit,
935 3900 1046 3964 sed
1099 3918 1180 3965 ex
1226 3900 1496 3964 aliorum
1543 3906 1872 3964 auctorum
1935 3897 2455 3963 enarrationibus
2502 3898 2829 3981 repetivit.

482 4006 712 4085 Itaque
774 4005 852 4069 ad
931 4006 1362 4090 explorandos
1416 4007 1535 4073 hos
1600 4004 2005 4091 principales
2069 4013 2363 4071 auctores
2428 4005 2554 4070 iam
2618 4005 2833 4070 accin-

480 4132 726 4195 gamur.

660 4415 704 4480 ²)
747 4413 892 4467 Patr.
937 4411 1029 4466 Gr.
1069 4412 1223 4465 XXX
1260 4428 1310 4479 p.
1352 4415 1419 4463 24
1458 4412 1549 4466 Nr.
1600 4415 1674 4464 13.
