3425 5167
1555 534 1637 543 ,,,
1738 494 1957 557 8..-

585 674 1074 741 einzunehmen.
1135 673 1510 740 Besonders
1557 674 1624 739 in
1657 674 1805 740 dem
1837 674 2041 756 Teile,
2088 673 2206 741 der
2236 674 2399 740 iiber
2428 673 2555 739 den
2578 674 2941 741 Menschen

581 781 854 847 handelt
898 780 1028 845 und
1077 781 1196 846 der
1233 781 1340 847 bei
1375 781 1662 845 Basilius
1708 780 1899 865 fehlt,
1948 780 2210 847 lieferte
2241 780 2789 847 wahrscheinlich
2820 780 2945 847 das

584 886 845 955 Sueton.
877 886 1087 953 Werk
1145 888 1262 953 das
1319 887 1556 954 meiste
1603 887 1911 955 Material
1931 886 2000 971 ι).
2106 888 2425 971 Apparet,
2482 888 2539 952 si
2585 888 2749 979 haec
2793 905 2939 955 sent

581 996 791 1062 tentia
835 1013 995 1063 vera
1051 1001 1250 1073 esset,
1306 995 1480 1060 hunc
1522 996 1854 1062 Ambrosii
1908 1000 2259 1064 tractatum
2315 996 2399 1061 ad
2447 995 2740 1064 Suetonii
2782 995 2935 1061 libri

583 1102 926 1185 deperditi,
975 1103 1058 1170 de
1091 1120 1220 1187 quo
1251 1101 1462 1167 adhuc
1509 1102 1674 1166 nihil
1705 1108 1930 1168 notum
1964 1108 2085 1185 est,
2118 1103 2516 1169 lineamenta
2554 1101 2944 1184 refingenda

583 1212 854 1277 multum
931 1210 1312 1277 collaturum
1389 1226 1554 1275 esse.
1645 1210 1876 1291 Itaque
1938 1210 2006 1275 in
2077 1210 2528 1290 disquisitione
2586 1215 2812 1276 nostra
2870 1208 2939 1273 id

587 1333 838 1399 quoque
915 1317 1380 1398 examinemus,
1457 1334 1611 1380 num
1686 1335 1759 1382 re
1821 1334 1981 1384 vera
2049 1317 2389 1398 quicquam
2459 1315 2943 1401 probabilitatis

585 1425 805 1505 specie
853 1424 933 1489 ad
983 1422 1357 1490 Suetonium
1409 1428 1737 1503 auctorem
1784 1424 2017 1489 referri
2063 1425 2287 1506 possit.

1689 1938 1832 2025 §L

698 2134 850 2223 Quo
899 2136 1207 2204 consilio
1256 2136 1331 2203 et
1377 2153 1517 2217 qua
1563 2134 1861 2202 rationo
1906 2136 2327 2203 Ambrosius
2374 2136 2463 2203 de
2514 2154 2819 2221 corpore

1384 2260 1700 2327 humano
1751 2261 2159 2345 scripserit.

762 2424 1150 2504 Priusquam
1175 2420 1255 2488 ad
1288 2423 1618 2489 Ambrosii
1650 2423 1867 2489 fontes
1898 2424 2393 2505 investigandos
2436 2442 2559 2511 1108
2586 2428 2938 2507 vertamuS,

583 2532 776 2598 aliam
825 2530 1266 2611 quaestionem
1315 2530 1743 2597 absolvamus,
1838 2531 2003 2595 Nam
2049 2534 2168 2613 rei,
2227 2550 2391 2609 quae
2440 2531 2767 2613 proposita
2815 2537 2935 2614 est,

583 2636 1030 2721 expediendae
1077 2634 1435 2702 subsidium
1482 2636 1654 2702 haud
1705 2655 1976 2719 parvum
2024 2637 2291 2702 allatum
2329 2638 2411 2702 iri
2440 2644 2620 2721 puto,
2668 2638 2724 2703 si
2760 2638 2939 2720 prius

584 2746 737 2827 quid
785 2744 1064 2826 scriptor
1110 2744 1521 2810 enarratione
1579 2761 1696 2809 sua
1743 2743 2003 2823 assequi
2050 2743 2329 2810 voluerit
2376 2744 2936 2811 delineaverimus.

763 2851 900 2935 Quo
964 2850 1233 2916 consilio
1294 2850 1678 2916 Ambrosius
1741 2850 1823 2917 de
1882 2850 2163 2916 hominis
2228 2856 2463 2917 natura
2531 2852 2743 2934 egerit
2798 2852 2939 2918 eius

581 2960 789 3043 ipsius
820 2958 1041 3025 verbis
1089 2956 1450 3040 edocemur,
1506 2957 1615 3039 qui
1661 2957 1814 3023 inde
1852 2978 1890 3023 a
1922 2960 2332 3041 paragrapho
2366 2958 2452 3024 40
2494 2944 2939 3025 demonstrare

588 3066 811 3135 studet
857 3067 1064 3132 solum
1109 3064 1434 3132 hominem
1482 3066 1610 3132 Dei
1657 3064 1937 3132 similem
1986 3070 2054 3130 et
2099 3067 2181 3131 ad
2229 3066 2541 3133 creatoris
2588 3066 2937 3149 imaginem

582 3176 931 3242 formatum
996 3192 1159 3239 esse.
1237 3172 1361 3238 Vel
1420 3173 1574 3238 hinc
1635 3172 1988 3254 suspiceris
2050 3173 2465 3241 Ambrosium
2532 3174 2598 3238 111
2673 3189 2937 3254 corpore

582 3284 860 3348 humano
908 3278 1335 3345 describendo
1399 3279 1467 3344 id
1533 3281 1955 3361 spectavisse,
2017 3286 2088 3346 ut
2143 3282 2490 3364 hominem,
2552 3286 2776 3362 utpote
2823 3280 2930 3362 qui

583 3388 902 3469 originem
959 3405 998 3450 a
1025 3404 1290 3451 summo
1338 3387 1480 3453 Deo
1528 3386 1740 3471 ducat,
1801 3387 2582 3469 quam'perfectissimum
2629 3395 2696 3453 et
2742 3388 2939 3454 omni·

581 3498 704 3563 bus
767 3494 1051 3574 corporis
1099 3493 1452 3560 virtutibus
1518 3502 1897 3561 exornatum
1964 3495 2366 3575 depingeret.
2480 3497 2577 3558 Αο
2636 3513 2708 3559 10
2756 3514 2932 3577 vera,

583 3622 728 3668 cum
777 3602 1070 3683 singulas
1119 3602 1589 3668 Ambrosianae
1639 3603 2061 3685 expositionis
2108 3608 2329 3682 partes
2378 3600 2936 3683 perlustrabimuS,

582 3710 924 3792 apparebit
981 3708 1123 3775 fere
1180 3709 1394 3773 omnia
1451 3728 1594 3773 011111
1657 3709 1780 3774 hoc
1826 3707 2162 3790 scriptoris
2209 3708 2537 3788 proposito
2583 3708 2750 3773 bene
2796 3728 2939 3775 con-

582 3819 802 3884 cinere
822 3814 888 3900 ²).

762 3922 843 3987 In
891 3922 1302 4003 paragrapho
1351 3919 1438 3985 54
1485 3922 1868 3987 Ambrosius
1916 3940 1954 3985 a
2002 3921 2287 4002 corporis
2346 3921 2562 4002 specie
2609 3922 2937 4003 proiectus

582 4030 741 4095 dicit
806 4027 1132 4093 hominem
1201 4034 1378 4093 statu
1447 4034 1627 4093 rect-o
1698 4028 2001 4107 celsoque
2076 4031 2145 4093 et
2224 4029 2512 4109 corporis
2592 4035 2937 4096 venustate

763 4241 806 4302 ¹)
843 4238 980 4293 Litt.
1018 4238 1212 4299 histor,
1252 4244 1394 4305 part.
1433 4236 1514 4293 IV
1551 4238 1737 4305 (1904)
1777 4254 1829 4303 p.
1866 4238 1991 4291 ⁴292.

759 4330 804 4397 9)
844 4327 909 4381 In
948 4326 1200 4393 sequenti
1242 4332 1540 4393 conspectu
1577 4325 1725 4380 locos
1765 4340 1831 4379 ex
1868 4324 2025 4380 libris
2062 4327 2234 4382 sacris
2270 4329 2585 4396 desumptos
2625 4344 2734 4382 11011
2769 4328 2938 4396 respi-

581 4433 738 4471 mam.
