3425 5167
1480 445 1926 507 „21-

537 626 742 708 Quam
794 634 1096 691 accurate
1145 624 1340 689 etiam
1390 624 1534 703 ipsa
1579 625 1781 689 verba
1826 623 2203 705 transferat,
2268 617 2456 689 docet
2500 622 2657 687 illud
2714 640 2882 697 „ma-

548 738 691 814 ae“‚
742 753 863 813 quo
914 733 1224 797 vocabulo
1273 730 1555 795 auctoris
1605 718 1872 795 verbum
1922 727 2129 815 μῆλον
2183 728 2480 808 reddit1).

715 839 962 922 Quibus
1003 838 1324 920 expeditis
1392 838 1466 901 ad
1539 838 1666 901 alia
1729 837 2029 917 exempla
2073 836 2579 919 progrediamur.
2672 834 2881 915 Supra

531 949 949 1024 cognovimus
1013 945 1350 1027 Galerium,
1413 951 1752 1024 postquam
1815 943 2286 1009 demonstravit
2353 950 2551 1023 eaput
2614 948 2881 1023 propter

531 1056 750 1118 oculos
800 1054 1038 1118 factum
1088 1070 1252 1131 esse,
1303 1051 1426 1116 duo
1474 1069 1817 1116 nervorum
1866 1068 2129 1132 genera,
2187 1050 2438 1115 scilicet
2484 1050 2765 1115 mollium
2814 1054 2883 1115 et

534 1161 856 1241 durorum,
907 1160 1295 1225 discernere.
1387 1155 1526 1240 Quo
1573 1158 1760 1223 modo
1804 1157 2187 1232 Ambrosius
2233 1157 2402 1221 hanc
2448 1163 2697 1235 partem
2741 1156 2882 1226 imi·

527 1278 706 1333 tatus
753 1269 840 1333 sit
887 1287 968 1333 cx
1013 1266 1172 1332 locis
1221 1266 1608 1344 comparatis
1656 1265 1943 1345 patebit-.-

827 1374 1049 1440 Galen.
1101 1394 1160 1453 p.
1214 1370 1359 1437 633.
1702 1368 1705 1435 3
2059 1373 2350 1437 Ambros.
2401 1368 2437 1455 ξ
2485 1369 2589 1434 61.

532 1502 659 1559 τῶν
738 1496 1181 1582 αἰσυηιηρίων
1244 1492 1313 1557 ἓν
1380 1493 1650 1558 ἕκασιον
1701 1515 1705 1552 ῑ

528 1610 760 1686 νεύρου
802 1606 1010 1666 dalcae
1040 1602 1365 1682 μαλακοῦ,
1416 1606 1647 1683 νεύρου

526 1712 667 1791 μὲν.
717 1704 818 1773 ὅτι
854 1707 1037 1773 τοῦτ’
1073 1707 1247 1772 ἔστιν
1279 1708 1648 1795 αἰσθήσεως
1701 1728 1705 1797 3
1759 1728 2059 1774 sensuum
2161 1715 2378 1774 autem
2478 1709 2877 1791 singulorum

806 1870 820 1900 ‚
877 1816 1171 1896 μαλακοῦ
1219 1816 1308 1899 δὲ,
1369 1807 1469 1878 ὅτι
1514 1816 1649 1878 δια·-
1699 1798 1704 1923 j
1759 1818 1940 1883 velut
1970 1835 2281 1898 organum
2305 1816 2490 1880 nervi
2523 1822 2675 1881 sunt
2706 1866 2718 1879 .
2755 1867 2767 1879 .
2804 1813 2875 1898 .¹)

525 1927 809 2011 τεθῆναί
853 1946 989 1995 πως
1029 1924 1132 1985 δεῖ
1159 1924 1267 1985 καὶ
1303 1927 1554 1985 παθεῖν
1586 1944 1649 1984 τι

529 2026 597 2093 τὸ
639 2031 1070 2117 αἰσθητήριον
1117 2024 1249 2092 ὑπὸ
1296 2042 1409 2093 τοῦ
1461 2051 1646 2112 προς·
1700 2093 1703 2109 Ι

527 2134 834 2208 πεσόντος
889 2134 1149 2218 ἔξωθεν,
1208 2135 1279 2199 ἵν’
1343 2134 1648 2221 αἴσθησις
1699 2114 1704 2221 f

528 2251 801 2331 γένηται.
864 2242 997 2307 ἔστι
1058 2244 1129 2307 δὲ
1180 2237 1341 2325 πρὸς
1392 2242 1516 2322 μὲν
1574 2237 1644 2303 τὸ
1698 2248 1703 2327 1

527 2356 781 2415 παθεῖν
829 2347 1351 2436 έπιιηδειότερον
1409 2344 1477 2411 τὸ
1525 2370 1644 2429 μα·
1758 2350 1921 2431 quod
1972 2351 2143 2416 enim
2177 2351 2369 2415 molle
2416 2350 2496 2414 ad
2545 2350 2873 2431 conpassi-

524 2458 738 2539 λακόν,
798 2453 962 2541 πρὸς
1026 2458 1096 2520 δὲ
1159 2453 1231 2519 τὸ
1297 2457 1525 2540 δρᾶσαι
1573 2451 1642 2517 τι)
1697 2496 1702 2592 1
1758 2476 1943 2524 onem
1992 2458 2227 2539 aptius,
2287 2458 2450 2537 quod
2500 2464 2715 2522 autem
2764 2458 2873 2521 du-

523 2562 808 2648 σκληρόν.
1627 2570 1630 2574 ’
1754 2585 1895 2630 rum
1959 2584 2038 2631 ex
2095 2566 2308 2644 aliquo
2371 2564 2587 2647 rigore
2646 2583 2875 2630 nervo-

1696 2596 1702 2734 Ι
1755 2691 1897 2737 rum
1945 2672 2023 2736 ad
2074 2672 2395 2751 agendum
2445 2672 2790 2738 efficacius,

525 1815 597 1895 ὅ(
606 1838 801 1896 γανον

699 2798 1136 2865 Observanius
1173 2799 1581 2862 Ambrosium
1629 2800 1912 2863 auctoris
1960 2799 2201 2878 placita
2232 2797 2605 2878 disputandi
2647 2797 2872 2861 ordine

518 2925 782 2987 prorsus
845 2907 1147 2986 neglecto
1218 2906 1308 2969 ita
1374 2906 1798 2985 convertisse,
1865 2914 1936 2969 ut
1998 2906 2160 2968 nihil
2222 2904 2493 2969 adderet
2537 2904 2665 2969 nisi
2709 2904 2879 2968 illud

523 3032 648 3093 „ex
695 3014 910 3092 aliquo
957 3012 1172 3091 rigore
1217 3008 1625 3091 nervorum“,
1675 3029 1758 3075 ex
1805 3011 2035 3090 quibus
2084 3013 2301 3076 verbis
2357 3012 2690 3076 meliorem
2736 3030 2879 3076 cor-

524 3122 698 3199 poris
783 3127 1057 3181 naturae
1144 3117 1482 3181 scientiam
1561 3118 1816 3183 elucere
1895 3118 2001 3182 vix
2088 3118 2427 3197 quisquam
2505 3118 2877 3182 contendat..

522 3226 763 3305 Neque-
790 3223 1056 3290 difficile
1104 3232 1206 3289 est
1252 3224 1608 3306 intellectu,
1657 3244 1774 3290 cur
1818 3226 2199 3291 Ambrosius
2244 3226 2313 3289 in
2359 3233 2498 3290 tota
2528 3226 2652 3290 hac
2682 3233 2869 3305 parte

519 3332 584 3417 (ξ
651 3331 765 3415 61)
828 3332 1110 3396 auctoris
1173 3332 1536 3397 sententias
1596 3331 1739 3398 fere
1804 3333 2010 3398 nudas
2072 3334 2554 3413 incomptasque
2618 3332 2867 3398 reddat.

521 3440 810 3507 Galenus
857 3440 1031 3504 onim
1077 3439 1293 3504 omnia
1337 3439 1499 3504 haec
1546 3441 1843 3531 exempla
1905 3442 1969 3504 in
2018 3440 2464 3519 disquisitione
2524 3423 2866 3505 tam‘diffi-

519 3549 627 3614 cili
675 3547 1024 3626 subtilique
1072 3548 1362 3629 praebet,
1422 3558 1493 3611 ut
1538 3548 1942 3627 AmbrosiuS‚
2002 3548 2060 3613 si
2106 3566 2211 3612 res
2259 3548 2518 3612 maioris
2563 3548 2865 3612 momenti

521 3656 604 3721 de
651 3674 766 3720 suo
815 3656 1180 3735 adiecisset,
1231 3664 1408 3719 certe
1457 3653 1765 3720 facillime
1811 3656 1877 3719 in
1926 3672 2178 3720 errores
2209 3654 2562 3719 incidisset.
2638 3654 2867 3734 Itaque

702 3852 738 3915 ¹)
777 3848 964 3903 Cicero
1002 3850 1218 3903 easdem
1257 3864 1345 3903 res
1383 3848 1572 3916 simili,
1609 3850 1707 3902 sed
1741 3865 1848 3902 nou
1878 3850 2065 3903 eodem
2108 3849 2267 3902 modo
2290 3847 2579 3903 describit:
2619 3848 2725 3915 (De
2748 3854 2866 3903 nst.

519 3938 663 3991 deor.
707 3936 759 3989 11
804 3937 948 4005 143):
1001 3953 1214 4006 ,genae
1259 3938 1456 3993 deinde
1503 3938 1571 3992 ab
1621 3938 1876 3992 inferiore
1911 3932 2069 4005 p'arto
2120 3947 2375 3992 tutantur
2410 3938 2695 3992 subiectae
2730 3937 2864 3992 leni-

519 4032 711 4091 terque
766 4026 1098 4092 eminentes;
1159 4043 1433 4094 nasusque
1489 4029 1570 4082 ita
1633 4030 1848 4082 locatus
1910 4034 2021 4088 est.
2094 4037 2158 4081 ut
2218 4028 2373 4093 quasi
2442 4043 2627 4081 murus
2692 4025 2865 4081 oculis

520 4114 843 4169 interiectus
904 4130 1024 4170 esse
1080 4116 1386 4171 videatur.“
1486 4116 1683 4183 Itaque
1752 4117 2095 4182 Schenkelio,
2160 4118 2250 4183 qui
2312 4116 2661 4171 Ambrosium
2722 4116 2867 4170 huno

518 4202 793 4257 Ciceronis
821 4203 999 4256 locum
1039 4206 1144 4258 sibi
1182 4204 1524 4273 proposuisse
1562 4212 1771 4274 censet,
1808 4222 1913 4259 non
1954 4205 2273 4272 adstipulor.

699 4290 752 4359 ²),
795 4292 895 4358 Ea,
951 4309 1088 4360 quae
1147 4294 1467 4351 Ambrosius
1509 4296 1625 4353 ‚huc
1681 4296 1933 4360 inseruit,
1986 4295 2128 4361 apud
2195 4295 2463 4349 Galerium
2517 4295 2679 4363 paulo
2741 4302 2867 4363 post

515 4388 591 4449 (p.
629 4385 755 4449 636)
792 4380 1072 4449 leguntur.
