3425 5167
1399 480 1841 547 ...47⁶-

446 660 883 728 Goldbacher‘
922 666 1126 727 totam
1196 660 1706 727 enuntiationem
1768 661 1961 729 aliter
2027 661 2584 744 interpretandam
2651 667 2818 717 esse·

446 773 629 835 ratus
647 769 690 849 ¹)
752 768 983 834 scribit
1048 768 1422 851 „pulmones
1475 768 1617 833 loco
1665 788 1743 836 ac
1778 770 1880 835 sui
1925 787 2169 851 genere
2229 768 2409 834 cordi
2454 768 2800 849 plurimum

447 876 810 957 consulunt,
860 894 1002 941 cnm
1036 874 1405 942 exardescit
1441 876 1542 940 ira
1571 876 2039 957 trepidansque
2070 875 2489 942 celerioribus
2521 874 2821 940 motibus-

448 988 680 1049 vertex
755 982 965 1048 cordis
1034 982 1240 1064 ipsius
1309 982 1578 1047 madens
1647 984 1971 1065 sanguine
2044 984 2416 1065 pulmonum
2484 972 2823 1063 excipitur·

448 1090 743 1172 mollitia,
779 1090 910 1171 siti,
944 1084 1250 1171 frigore“.
1300 1088 1714 1156 Goldbacher
1743 1090 1965 1175 igitur,
2014 1108 2158 1155 cum
2188 1098 2339 1172 post
2376 1085 2797 1166 „consulunt“

449 1215 570 1277 per
616 1213 863 1262 comma
928 1196 1308 1280 distinguat,
1375 1198 1795 1278 insequentes
1858 1198 2336 1264 enuntiationes
2384 1195 2822 1262 secundariae-

450 1309 585 1369 tam
646 1310 788 1369 arte
850 1323 992 1369 cum
1053 1304 1472 1386 praecedenti
1530 1305 1837 1385 primaria
1883 1305 2235 1387 coniungit,
2300 1312 2372 1369 ut
2415 1305 2483 1367 in
2530 1308 2803 1381 utraque

451 1410 812 1477 subiectum
857 1411 948 1476 sit
1001 1409 1211 1493 „cor“‚
1280 1430 1407 1478 vox
1458 1409 1632 1492 ‚‚ira“
1684 1417 1899 1477 autem
1960 1411 2232 1478 ablativi
2276 1410 2409 1477 vim
2456 1410 2825 1490 possideat.⁴

450 1516 623 1583 Utra
683 1518 1160 1599 interpretandi
1219 1519 1386 1583 ratio
1455 1518 1785 1585 meliorem
1853 1520 2167 1600 praebeat
2236 1534 2498 1583 sensum
2562 1515 2805 1581 nemini

455 1625 714 1692 dubium
767 1627 909 1690 erit.
987 1627 1231 1691 Tamen
1280 1631 1636 1707 opportune
1682 1626 1877 1709 cadit,
1927 1626 2091 1706 quod
2126 1624 2568 1691 Goldbacheri
2607 1624 2825 1687 inter--

450 1733 800 1814 pretationi
855 1733 1052 1797 etiam
1102 1734 1481 1799 Ambrosius
1527 1734 1865 1815 succurrit,
1916 1746 2058 1799 cum
2108 1733 2283 1798 dicat
2326 1728 2389 1812 (ξ
2422 1728 2554 1810 70);
2610 1728 2802 1812 „quid

448 1845 580 1905 tam
631 1840 916 1905 salutaro.
971 1859 1162 1919 quam
1217 1848 1290 1906 ut
1336 1840 1550 1921 pulmo
1607 1840 1785 1907 cordi
1832 1841 2104 1906 finitimo
2150 1841 2357 1905 limite
2402 1839 2804 1919 iungeretur,

450 1953 554 2029 ut,
620 1965 781 2012 cum
847 1950 1241 2013 exarserit
1302 1967 1435 2014 cor
1504 1949 1620 2013 ira
1688 1955 1769 2014 et
1829 1948 2410 2029 indignatione,
2483 1944 2827 2026 pulmonis-

452 2056 773 2137 sanguine
822 2062 1018 2135 atque
1066 2074 1286 2121 umore
1334 2056 1526 2121 citius
1570 2060 1976 2137 temperetur
1991 2054 2059 2119 ‘?“

635 2171 933 2251 Denique
977 2189 1174 2259 unum
1205 2171 1446 2252 Apulei
1482 2155 1700 2238 'locum
1750 2172 2213 2252 examinemuS‚
2265 2170 2373 2251 qui
2416 2188 2560 2236 cnm
2590 2168 2806 2251 gravi-

451 2298 630 2345 orem
675 2280 890 2345 labem
938 2280 1374 2361 contraheret,
1423 2279 1586 2344 viris
1633 2279 1843 2346 doctis
1891 2278 2313 2345 difficultates
2361 2278 2533 2342 haud
2566 2294 2829 2357 parvas-

453 2386 688 2453 attnlit.
780 2385 1080 2451 Exeunte
1128 2386 1342 2468 capite
1390 2386 1552 2450 XVI
1597 2386 1750 2453 libri
1796 2406 1992 2452 manu
2036 2386 2265 2466 scripti
2314 2384 2656 2451 exhibent:

639 2502 1003 2585 „Venarum
1053 2501 1353 2569 diversae
1402 2509 1554 2568 sunt
1601 2503 1951 2584 qualitates
2002 2522 2159 2583 quas
2208 2500 2288 2566 ad
2336 2499 2806 2583 procreandum

453 2628 490 2675 e
535 2610 802 2692 regione
851 2610 1173 2675 cervicum
1233 2629 1349 2690 per
1395 2611 1711 2677 medullas
1770 2630 1999 2677 renum
2045 2627 2403 2676 commeare
2450 2613 2521 2673 et
2565 2607 2807 2685 suscipi

449 2717 789 2801 inguinum
849 2716 989 2783 loco
1052 2723 1301 2783 certum
1360 2725 1463 2784 est
1510 2724 1577 2784 et
1621 2738 1880 2785 rursum
1925 2736 2234 2789 venarum
2282 2716 2571 2799 genitale
2618 2714 2805 2780 semi-

451 2824 630 2889 nium
649 2822 700 2907 ’)
746 2824 1170 2889 humanitatis
1218 2826 1434 2891 exire“
1457 2824 1519 2905 ³).
1601 2825 1903 2891 Ultimam
1949 2826 2141 2890 huius
2187 2822 2509 2889 enuntiati
2555 2828 2808 2902 partem

454 2949 651 2996 sensu
717 2949 875 2993 sano
937 2948 1162 2995 carere
1235 2930 1654 2996 manifestum
1715 2938 1834 2996 est.
1946 2930 2131 3007 Quod
2202 2950 2343 2995 cum
2412 2930 2834 3008 interpretes-

455 3035 798 3115 sentirent,
848 3035 954 3099 alii
1005 3035 1366 3117 scripturae
1413 3037 1694 3103 traditae
1726 3037 1961 3103 vulnus
2008 3037 2075 3101 in
2117 3039 2316 3103 verbo
2366 3035 2647 3116 „exire“,
2697 3034 2834 3099 alii.

453 3142 522 3207 in
568 3161 728 3209 voce
797 3142 1126 3219 „rursum“
1179 3142 1462 3209 insidere
1513 3144 2081 3226 existimaverunt.
2190 3143 2292 3208 Ex
2354 3140 2809 3207 Hildebrandii

457 3250 982 3316 adnotationibus
1015 3248 1204 3316 video
1237 3249 1528 3317 Colvium
1561 3254 1876 3331 probante
1906 3250 2362 3332 Oudendorpio
2392 3267 2512 3331 pro
2543 3248 2827 3330 „exire“·

456 3357 815 3423 coniecisse
869 3356 1188 3438 „excire“‚
1252 3358 1344 3421 ita
1390 3364 1465 3423 ut
1524 3360 1764 3439 „alias“
1818 3359 1927 3426 vel
1977 3356 2403 3442 „qualitates“
2456 3367 2603 3438 post
2647 3353 2837 3419 illud.

463 3466 796 3547 „rursum“
850 3472 1068 3531 mente
1115 3465 1628 3531 subaudiendum
1677 3473 1871 3532 esset.
1948 3465 2127 3548 Quae
2175 3464 2543 3530 coniectura
2588 3480 2811 3528 assen-

455 3574 726 3638 tientem
792 3591 894 3638 me
957 3591 1087 3638 non
1148 3572 1366 3639 habet.
1458 3572 1621 3638 Nam
1683 3574 1961 3653 primum
2016 3590 2100 3638 ne
2145 3572 2269 3637 hoc
2316 3571 2573 3651 quidem
2621 3568 2837 3635 modo·

456 3698 689 3746 sensus
759 3679 1038 3760 simplex
1101 3678 1412 3761 efficitur,
1488 3686 1831 3761 praeterea
1893 3678 2297 3745 Hildebrand
2360 3682 2540 3745 recte
2602 3676 2839 3741 sensit

458 3786 719 3852 easdem
753 3804 899 3853 esse
923 3805 1147 3868 venas,
1183 3806 1348 3866 quae
1380 3788 1462 3852 ad
1495 3786 1958 3870 procreandum
1994 3805 2030 3853 e
2060 3786 2423 3852 cervicibus
2450 3786 2813 3849 commeant

459 3892 818 3972 quibusque
865 3912 1085 3960 semen
1148 3894 1495 3959 humanum
1545 3894 1929 3961 continetur.
2022 3892 2429 3959 Hildebrand
2484 3892 2628 3972 ipse
2675 3905 2811 3956 cor-

459 3998 782 4079 ruptelam
828 4001 895 4064 in
942 4020 1100 4067 voce
1154 4008 1482 4085 ,‚rursun1“
1533 4004 1753 4067 inesse
1794 4011 1976 4067 ratus
2010 4007 2253 4067 certam
2292 3998 2813 4066 emendationem

641 4240 684 4305 ¹)
722 4238 791 4292 cf.
830 4241 973 4293 Acta
1010 4240 1176 4293 Acad.
1219 4241 1448 4295 vindob.
1495 4244 1646 4306 1870,
1685 4257 1737 4307 p.
1781 4242 1898 4293 174.

640 4328 684 4394 ²)
723 4328 991 4381 seminum
1033 4327 1148 4380 PL.

639 4415 679 4483 ³,
721 4416 906 4471 exhirc
943 4417 1005 4469 B.
