3425 5167
1385 496 1828 561 ...29-

425 664 508 725 οὐ
554 656 759 738 μόνον
823 655 1274 721 ἅποκωλύσειν
1335 652 1453 741 γὰρ
1518 654 1747 737 ἔμελλε
1778 732 1785 739 ,
1811 653 1889 719 τὰ
1942 663 2431 740 προτεταγμένοι
2494 656 2611 745 τὴν
2671 664 2785 747 τῆς

425 774 650 854 φωνῆς
698 762 1050 847 ἔμπεωσιν,
1113 760 1274 828 α’λλά
1341 765 1449 827 καὶ
1497 766 2030 852 προσεπηχήσειν
2078 788 2139 827 τι
2143 816 2406 831 .....
2455 765 2557 815 897
2606 757 2786 837 ὅπως

423 876 502 939 δὲ
552 876 658 938 καὶ
705 883 822 937 τοῦ
870 868 1141 944 κάλλους
1189 874 1400 935 αὐτῶν
1451 873 1900 959 προύνοήσατο
1934 926 1945 937 .
1982 926 1995 937 .
2035 926 2048 937 .
2098 868 2311 936 ἔνεστί
2349 891 2443 935 σοι
2486 881 2780 938 σκοπεῖν.

367 1066 372 1069 ,
425 972 718 1051 ¹Galenus
765 983 966 1063 igitur
1015 982 1172 1046 dicit
1216 982 1490 1047 interius
1539 982 1792 1045 aurium
1849 982 1977 1047 iter
2021 981 2167 1047 ideo
2210 981 2562 1046 flexuosum
2614 1000 2779 1063 esse,

427 1110 514 1157 ne
577 1109 740 1170 quae
806 1107 1074 1169 corpora
1139 1090 1332 1154 noxia
1376 1088 1688 1153 invadere
1746 1090 2011 1167 possint.
2102 1087 2511 1154 Exteriorum
2564 1096 2779 1155 autem

430 1198 682 1263 aurium
745 1215 1011 1263 munera
1071 1196 1133 1260 in
1202 1196 1448 1261 duobus
1497 1204 1817 1277 constare,
1884 1196 2139 1261 scilicet
2204 1202 2275 1259 ut
2322 1195 2545 1261 eodem
2594 1195 2780 1260 modo

423 1313 626 1386 atque
671 1304 1157 1384 superciliorum
1207 1305 1319 1385 pili
1368 1304 1592 1368 sordes
1641 1304 1721 1369 de
1768 1304 1982 1383 capite
2028 1298 2388 1369 defluentes
2432 1303 2778 1384 excipiant,

431 1417 772 1493 prae-terea
841 1419 910 1476 ut
978 1412 1074 1476 eis
1145 1412 1348 1476 veluti
1428 1412 1682 1493 magnis
1753 1411 2255 1491 propugnaculis
2332 1410 2508 1475 vocis
2584 1428 2780 1475 sonus

428 1520 882 1586 vehementius
946 1519 1123 1583 illabi
1189 1520 1611 1598 prohibeatur
1671 1528 1741 1583 et
1802 1520 1961 1583 echo
2032 1518 2373 1583 referatur.
2483 1517 2780 1597 Denique

423 1629 677 1692 aurium
747 1626 1212 1707 pulchritudini
1285 1648 1321 1688 a
1386 1633 1618 1689 natura
1681 1626 2007 1706 provisum
2072 1642 2218 1691 esse
2281 1626 2345 1688 in
2411 1644 2545 1705 cap.
2611 1623 2781 1688 XIII

423 1732 616 1817 (897)
664 1736 923 1798 uberius
972 1734 1271 1813 explicat.
1343 1732 1550 1797 Simili
1599 1734 1787 1797 modo
1821 1733 2201 1798 Ambrosius
2233 1733 2481 1797 aurium
2514 1749 2783 1796 munera

423 1842 744 1906 describit
806 1837 864 1925 (ξ
929 1838 1065 1913 62):
1147 1840 1831 1921 „Praestantissimum
1900 1858 2150 1919 quoque
2198 1838 2503 1903 audiendi
2549 1857 2780 1903 munus

429 1960 501 2013 et
563 1950 732 2014 visui
795 1967 1036 2029 suppar
1096 1950 1330 2028 gratia.
1425 1948 1568 2011 ideo
1633 1966 1822 2010 aures
1887 1947 2281 2011 extantiores
2345 1954 2516 2025 suut,
2580 1952 2653 2010 ut
2713 1953 2782 2010 et

427 2063 702 2121 ornatus
735 2056 1031 2121 decorem
1067 2055 1441 2135 praeferant
1474 2065 1540 2119 et
1573 2055 1901 2133 excipiant
1945 2072 2131 2118 omne
2164 2054 2325 2117 illud
2358 2053 2663 2133 quidquid
2698 2053 2781 2117 de

428 2164 678 2228 vertice
721 2163 1006 2227 sordium
1039 2163 1402 2241 umorisque
1437 2160 1800 2238 defluxerit,
1846 2162 2037 2225 simul
2069 2172 2140 2224 ut
2172 2162 2237 2224 iu
2274 2180 2489 2226 earum
2528 2160 2779 2225 sinibus

429 2290 559 2335 vox
606 2287 988 2351 repercussa
1035 2270 1174 2334 sine
1222 2268 1580 2334 offensione
1627 2270 1955 2333 interioris
1988 2268 2393 2348 ingrediatur
2426 2267 2776 2333 anfractus,

435 2426 490 2441 ..
531 2430 542 2440 .
582 2384 716 2441 tum
775 2378 962 2441 velut
1025 2376 1340 2459 quaedam
1389 2376 1874 2457 propugnacula
1921 2376 2147 2441 videas
2193 2375 2624 2456 praetendere
2671 2374 2778 2439 ad-

427 2504 690 2551 versum
739 2484 1000 2561 frigoris,
1049 2484 1463 2565 asperitatem
1502 2536 1513 2546 .
1551 2534 1562 2546 .
1599 2485 1649 2547 ‚⁶⁴
1701 2483 1840 2565 Quo
1888 2484 2025 2547 loeo
2058 2483 2437 2547 Ambrosius
2479 2482 2778 2547 similiter

424 2602 626 2673 atque
690 2591 978 2657 Galenus
1049 2592 1292 2655 aurium
1363 2610 1592 2656 munus
1654 2592 1893 2669 triplex
1957 2609 2102 2655 esse
2152 2589 2333 2654 dicit:
2384 2596 2456 2654 ut
2500 2588 2778 2669 pulchri-

425 2700 660 2779 tudini,
732 2701 892 2771 usui,
967 2700 1266 2763 tutamini
1345 2698 1791 2779 prospiciatur.
1915 2696 2039 2762 Sed
2119 2698 2240 2761 hoc
2315 2715 2563 2776 quoque
2639 2697 2779 2761 loco

432 2808 808 2872 Ambrosius
857 2806 1104 2870 auctori
1151 2824 1265 2870 suo
1314 2805 1474 2869 nihil
1521 2806 1647 2870 nisi
1681 2804 2073 2869 sententiam
2107 2805 2527 2883 principalem
2561 2804 2777 2883 debet,

424 2933 622 2991 quam
687 2915 826 2994 ipse
892 2915 1078 2993 larga
1154 2914 1492 2977 verborum
1566 2924 1634 2977 et
1695 2912 2166 2976 sententiarum
2238 2912 2422 2991 eopia
2490 2918 2779 2976 exornat.

433 3019 670 3085 Galeni
735 3022 931 3085 verba
1007 3038 1132 3084 non
1206 3021 1334 3083 iam
1373 3011 1690 3099 respicit,
1762 3017 1891 3082 nisi
1954 3017 2123 3083 forte
2186 3018 2341 3082 illud
2410 3013 2776 3099 πρόβλημα,

424 3126 597 3204 -quocl
648 3126 914 3192 eandem
959 3128 1092 3192 vim
1140 3127 1339 3192 habet
1384 3136 1578 3206 atque
1627 3124 2281 3206 ‚,propugnaculum.“
2329 3161 2417 3169 —

612 3233 857 3317 Quibus
904 3234 1215 3314 expositis
1261 3235 1675 3314 pervenimus
1725 3233 1803 3297 ad
1838 3232 2025 3297 finem
2064 3233 2254 3297 huius
2297 3232 2777 3313 disputationiS,

420 3361 616 3422 quam
671 3342 965 3406 docuisse
1017 3349 1165 3421 puto
1212 3341 1620 3405 Ambrosium
1687 3358 1921 3421 magno
1986 3340 2199 3405 studio
2247 3337 2482 3405 Galeni
2530 3339 2610 3406 de
2659 3357 2779 3403 usu

430 3450 708 3529 partium
754 3448 954 3513 libros
1001 3448 1262 3528 legisse.
1334 3448 1494 3512 Nam
1541 3447 1604 3511 in
1657 3447 1959 3511 continua
2006 3447 2415 3512 enarratione
2462 3445 2543 3511 de
2578 3445 2781 3510 oculis

431 3564 499 3620 et
545 3556 807 3621 auribus
855 3564 1180 3621 auctorem
1227 3555 1320 3621 ita
1368 3562 1630 3619 secutus
1677 3560 1799 3634 est,
1850 3562 2049 3631 ntea,
2086 3556 2345 3631 quaein
2384 3572 2637 3634 paragr.
2670 3552 2776 3633 59,

419 3661 534 3741 60,
563 3662 643 3726 61
681 3663 966 3743 exhibet,
986 3663 1124 3728 fere
1159 3663 1389 3742 omnia,
1409 3668 1755 3743 praeterea
1787 3661 2117 3741 complura
2141 3660 2207 3723 in
2239 3678 2495 3741 paragr.
2515 3658 2598 3721 62
2626 3658 2778 3724 inde

430 3770 733 3835 hauriret.
813 3768 1207 3851 Quamquam
1265 3768 1496 3834 Gale-ni
1558 3769 1923 3833 sententias
1967 3786 2163 3847 saepe
2208 3766 2345 3832 fere
2384 3767 2468 3831 ad
2509 3770 2779 3832 verbum

422 3877 784 3958 transtulit,
828 3884 1042 3942 tamen
1089 3876 1552 3942 sententiarum
1599 3895 1835 3942 nexum
1878 3876 1973 3939 ita
2002 3874 2389 3956 immutavit,
2416 3882 2488 3938 ut
2520 3892 2602 3939 ex
2628 3877 2779 3939 Am-

433 3984 643 4048 brosio
676 3984 829 4065 s010,
854 3984 1002 4064 quid
1023 3992 1246 4049 auctor
1271 3984 1568 4062 voluerit,
1600 3984 1979 4063 plerumque
2013 4002 2138 4047 non
2168 3983 2603 4063 intellegatur.
2638 3981 2783 4064 Qua

415 4108 506 4154 ex
572 4109 641 4155 re
707 4091 1065 4156 clarissime
1126 4091 1470 4155 imitatoris
1534 4089 1860 4155 scribendi
1935 4090 2102 4153 ratio
2164 4090 2556 4170 agnoscitur,
2628 4107 2777 4153 nam

415 4216 569 4261 -cum
635 4205 857 4263 auctor
919 4205 1094 4265 certo
1158 4198 1381 4262 ordine
1447 4204 1513 4260 et
1575 4196 1844 4260 consilio
1894 4213 2047 4259 usus
2098 4194 2470 4274 disputandi
2519 4212 2778 4259 cursum

419 4311 665 4383 teneat,
739 4306 906 4385 apud
979 4305 1371 4371 imitatorem
1443 4310 1658 4368 rectus
1731 4302 2201 4366 sententiarum
2284 4301 2437 4364 ordo
2516 4301 2779 4380 saepius

414 4410 852 4476 desideratur.
977 4414 1332 4478 Praeterea
1410 4430 1610 4492 grave
1705 4408 2052 4474 discrimen
2149 4409 2320 4471 iuter
2398 4404 2626 4471 Galeui
2712 4416 2779 4471 et
