3425 5167
1497 955 1933 1067 VITA.

712 1280 917 1345 Natus
963 1300 1106 1345 sum
1139 1278 1503 1348 Guilelmus
1535 1279 1771 1345 Gossel
1817 1301 1871 1345 a.
1904 1281 1961 1344 d.
2000 1280 2074 1344 V.
2115 1280 2257 1345 Kal.
2290 1280 2463 1361 Sept.
2514 1282 2667 1345 anni
2708 1280 2909 1345 1885·

527 1386 598 1451 in
631 1386 867 1467 oppido
913 1387 1467 1453 Wilhelmshaven
1515 1394 1699 1467 patre
1732 1388 2038 1469 Arnoldo,
2088 1394 2295 1452 matre
2339 1388 2555 1453 Henni
2601 1406 2637 1452 e
2684 1393 2881 1471 gente

533 1492 884 1575 Gerhardi,
953 1513 1110 1573 quos
1176 1496 1400 1559 ambos
1457 1494 1665 1559 adhuc
1722 1495 1895 1559 inter
1939 1496 2125 1561 vivos
2181 1514 2327 1561 esse
2373 1495 2567 1560 valde
2613 1495 2879 1576 gaudeo,

535 1600 726 1665 Fidei
789 1600 1086 1667 addictus
1151 1620 1293 1666 sum
1355 1602 1797 1683 evangelicae.
1906 1602 2303 1667 Litterarum
2370 1602 2709 1667 elementis
2766 1604 2880 1667 im·

539 1710 734 1773 butus
767 1727 884 1787 per
915 1726 1147 1774 novem
1195 1727 1398 1774 annos
1429 1708 1853 1786 frequentavi·
1882 1710 2136 1789 patriae
2168 1710 2575 1791 gymnasium
2607 1710 2880 1791 regium,

535 1816 703 1895 quod
777 1833 949 1881 nunc
1004 1834 1253 1895 quoque
1308 1816 1823 1903 Zimmermanno
1880 1823 2131 1881 rectore
2192 1815 2394 1881 floret.
2496 1816 2670 1881 Vere
2727 1816 2881 1881 anni

540 1920 718 1985 1904
763 1924 1159 1987 maturitatis
1213 1923 1653 1989 testimonium
1711 1925 1985 2004 adeptus
2032 1925 2201 1988 hanc
2245 1924 2611 1989 litterarum
2658 1924 2878 1989 sedem

491 2030 686 2109 adii,
760 2029 871 2094 ubi
936 2048 1056 2109 per
1118 2048 1348 2097 novem
1403 2032 1747 2096 semestria
1792 2032 2136 2111 philologis
2194 2032 2597 2110 potissimum
2646 2030 2879 2105 studiis

533 2155 799 2216 operam
831 2138 1082 2202 navavi.
1133 2137 1508 2202 Docuerunt
1537 2156 1640 2201 me
1673 2138 1780 2203 vel
1812 2138 2021 2201 adhuc
2046 2138 2279 2202 docent
2301 2138 2424 2203 viri
2458 2137 2881 2201 illustrissimi

529 2246 616 2309 de
659 2244 946 2325 Bauer,
995 2244 1227 2326 Bethe,
1270 2244 1765 2325 Brandenburg,
1805 2245 2198 2326 Brugmann,
2250 2244 2593 2322 Buchholz,
2646 2243 2880 2309 Gardt-

533 2353 806 2431 hausen,
856 2351 942 2416 M.
975 2351 1245 2433 Heinze,
1294 2351 1368 2415 R.
1401 2351 1670 2432 Heinze,
1723 2352 2069 2433 Hofmann,
2122 2352 2445 2427 Immisch,
2480 2352 2877 2431 Jung·mann,

532 2460 796 2541 Koster,
861 2458 1276 2539 Lamprecht,
1344 2458 1638 2538 Lipsius,
1697 2458 1983 2539 Martini,
2042 2459 2249 2539 Marx,
2315 2458 2627 2540 Seeliger,
2694 2458 2879 2522 Stud-

533 2566 788 2647 niczka,
849 2564 1137 2648 Vol-kelt,
1198 2565 1621 2630 Wachsmuth
1679 2562 1751 2650 †,
1816 2565 2137 2646 Wilcken,
2198 2565 2460 2630 Wundt.
2561 2565 2880 2631 Prosemi-

535 2674 720 2737 nario
769 2672 1094 2753 philologo
1141 2672 1491 2737 Immischii
1542 2679 1608 2738 et
1657 2672 1947 2737 Martinii
1994 2674 2298 2752 auspiciis
2347 2672 2635 2754 interfui,
2685 2673 2877 2738 semi-

533 2781 677 2844 nari
740 2781 1053 2862 philologi
1120 2779 1215 2843 fui
1271 2779 1512 2845 sodalis
1568 2779 1933 2844 ordinarius
2002 2798 2119 2861 per
2186 2786 2291 2845 ter
2360 2798 2551 2862 senos
2622 2797 2875 2845 menses

532 2888 1020 2953 moderantibus
1081 2887 1326 2969 Lipsio,
1393 2888 1660 2967 Marxi0,
1733 2887 1987 2969 Bethi0,
2052 2888 2347 2968 Heinzio,
2407 2888 2703 2951 historici
2754 2904 2873 2949 mo·

527 2995 803 3060 derante
844 2994 1202 3059 Wilckenio
1251 3013 1368 3074 per
1407 2995 1536 3058 tria
1580 2982 1937 3058 semestria.
2030 2994 2382 3059 Praeterea
2428 2994 2669 3059 aditum
2721 2993 2879 3057 mihi

531 3102 984 3181 patefecerunt
1045 3101 1377 3166 Buchholz
1442 3102 1520 3165 ad
1577 3102 2111 3181 proseminarium
2176 3102 2573 3183 historicum,
2642 3100 2880 3165 Gardt-

453 3268 457 3273 .
530 3211 780 3275 hausen
841 3208 921 3271 ad
986 3208 1483 3274 exercitationes
1544 3208 1910 3288 historicaS,
1976 3207 2271 3288 Seeliger
2326 3209 2404 3271 ad
2464 3208 2879 3273 seminarium

529 3317 925 3381 historicum.
1019 3316 1315 3393 Denique
1385 3315 1467 3378 ad
1532 3316 2029 3379 exercitationes
2095 3314 2397 3379 metricas
2460 3334 2561 3379 me
2618 3314 2882 3379 admisit

532 3424 733 3504 Marx,
782 3424 864 3488 ad
911 3423 1327 3487 seminarium
1374 3422 1881 3503 paedagogicum
1926 3422 1972 3485 J
1977 3440 2318 3502 ungmann.
2406 3420 2650 3503 Quibus
2696 3438 2877 3500 prae-

523 3530 902 3611 ceptoribus
963 3530 1258 3593 omnibus
1313 3530 1625 3594 maximas
1680 3529 1890 3594 habeo
1944 3530 2207 3610 gratias.
2311 3528 2667 3608 Praecipue
2722 3544 2876 3591 vero

527 3654 673 3701 cum
725 3636 1037 3702 Marxium
1084 3643 1152 3703 et
1199 3636 1489 3715 Lipsium
1538 3641 1675 3700 tum
1722 3636 2114 3701 Richardum
2147 3635 2394 3699 Heinze
2442 3640 2510 3699 et
2548 3632 2871 3711 Bethium,

527 3744 640 3822 qui
709 3743 928 3809 studia
987 3762 1133 3809 mea
1191 3744 1658 3825 benignissime
1721 3742 2043 3823 foverunt,
2116 3742 2221 3821 pio
2285 3745 2599 3823 gratoque
2664 3738 2875 3802 animo

521 3868 786 3931 semper
831 3850 1054 3915 colam.

716 3956 1012 4035 Denique
1083 3956 1254 4020 dulci
1323 3956 1671 4021 amicorum
1739 3954 2185 4021 consuetudini
2224 3955 2321 4019 'in
2400 3954 2874 4035 philologorum

522 4065 751 4130 thiaso
795 4062 1126 4141 Lipsiensi
1173 4062 1376 4127 multa
1420 4080 1524 4127 me
1571 4062 1812 4128 debere
1856 4062 2068 4126 laetus
2115 4062 2438 4141 profiteor.

1486 4366 1911 4373 ᾖ
