3425 5167
1415 476 1853 543 ..55-

462 662 711 739 posset,
772 663 884 723 aut
940 656 1086 723 aliis
1149 656 1231 725 ad
1278 657 1578 724 standum
1625 645 1918 741 pedibus·
1948 657 2274 741 indigeret
2322 660 2492 726 sicut
2537 659 2809 740 quadru-

463 764 685 846 pedes,
735 765 851 830 sed
897 763 1456 845 porrectioresque
1503 766 1957 845 longioresque
2005 766 2365 832 formavit.“

641 872 768 937 Sed
845 872 1008 937 haec
1084 873 1432 938 hactenus!
1547 873 1837 939 Vidimus
1908 874 2269 966 complures
2339 873 2672 940 Lactantii
2744 881 2811 941 et

469 979 794 1045 Ambrosii
844 980 1016 1044 locos
1065 979 1144 1045 ad
1195 978 1470 1044 eundem
1507 980 1737 1046 Galeni
1789 980 2072 1046 Stoicum
2121 988 2467 1046 tractatum
2514 983 2809 1049 revocari

465 1104 689 1168 posse,
740 1103 864 1165 quo
935 1087 1414 1153 demonstratur
1476 1106 1617 1152 cum
1686 1094 1908 1153 cetera
1954 1088 2258 1160 animalia
2302 1095 2440 1155 tum
2485 1089 2808 1155 hominem

465 1194 751 1273 corporis
819 1192 1102 1259 indolem
1159 1193 1516 1274 perfectam
1583 1194 1928 1276 accepisse.
2021 1194 2125 1260 Ex
2181 1211 2303 1275 quo
2362 1203 2643 1261 tractatu
2690 1214 2808 1261 nos

467 1301 792 1381 complura
839 1300 1072 1365 lucrari
1124 1318 1358 1366 censeo
1407 1301 1486 1365 ad
1524 1300 1852 1367 Lactantii
1894 1307 1961 1366 et
1994 1302 2321 1367 Ambrosii
2358 1302 2530 1367 locos
2563 1302 2809 1369 similes

466 1413 642 1473 recte
674 1408 1198 1488 interpretandos
1229 1414 1299 1473 et
1325 1408 1405 1478 ad
1434 1426 1657 1474 verum
1693 1413 2020 1474 auctorem
2053 1408 2444 1474 referendos.
2522 1408 2809 1474 Primum

463 1514 875 1580 confirmatur
959 1515 1293 1595 utriusque
1376 1515 1710 1597 scriptoris
1792 1515 2251 1596 disputationis
2319 1515 2809 1582 fundamentum

464 1620 743 1687 Stoicam
839 1622 1198 1687 naturalem
1287 1622 1757 1703 philosophiam
1850 1641 2015 1689 esse.
2137 1622 2490 1687 Praeterea
2569 1621 2807 1689 Galeni

465 1731 786 1795 enarratio
835 1729 1177 1809 Brandti0,
1238 1729 1348 1809 qui
1395 1729 1727 1794 existimat
1772 1730 2095 1795 Lactantii
2147 1730 2362 1810 capita
2410 1728 2470 1810 2,
2520 1728 2582 1811 5,
2635 1728 2693 1805 7,
2744 1729 2805 1811 8,

466 1836 578 1920 10,
648 1837 729 1899 13
798 1856 880 1902 ex
943 1855 1068 1901 uno
1124 1837 1305 1901 fonte
1361 1834 1654 1918 fluxisse,
1729 1836 2085 1903 subsidium
2144 1836 2311 1903 haud
2373 1839 2802 1917 spernendum

465 1946 694 2010 adfert.
773 1944 1007 2009 Omnia
1054 1944 1226 2009 enim
1258 1941 1493 2009 Galeni
1538 1945 1838 2025 exempla
1884 1943 2068 2010 modo
2116 1940 2317 2008 allata
2364 1946 2428 2008 in
2472 1946 2633 2009 haec
2666 1946 2811 2026 ipsa

465 2031 680 2132 capita
725 2051 996 2131 cadunt,
1063 2066 1229 2131 quae
1278 2051 1576 2116 Brandtii
1624 2051 1951 2117 sententia
1998 2068 2080 2115 ex
2128 2050 2499 2116 Hermetico
2547 2056 2809 2116 auctore

465 2155 806 2240 desumpta
846 2163 1013 2223 sunt.
1076 2156 1469 2241 Quibuscum
1512 2158 1833 2239 capitibus
1878 2159 2073 2224 etiam
2111 2160 2515 2222 Ambrosium
2549 2159 2808 2239 saepius

467 2264 803 2345 perspicue
879 2265 1248 2331 consentire
1325 2281 1520 2346 supra
1589 2266 1987 2345 agnovimus.
2103 2264 2303 2329 Nobis
2372 2264 2807 2331 iudicantibus

344 2414 349 2418 ⁴
467 2371 791 2437 Ambrosii
870 2376 940 2438 et
1007 2371 1336 2437 Lactantii
1407 2368 1660 2437 Stoicas
1732 2379 1953 2453 partes
2032 2391 2175 2435 cam
2244 2374 2325 2437 ob
2396 2390 2532 2437 rem
2603 2372 2807 2437 artius

465 2477 948 2560 coniungendas
1036 2497 1182 2545 esse
1269 2498 1440 2544 nuuc
1520 2478 1809 2545 Galenus
1866 2480 2232 2559 ‚succurrit
2345 2478 2509 2543 Nam
2594 2480 2807 2545 obser-

463 2586 756 2652 vavimus
815 2604 960 2651 eum
1009 2602 1480 2666 nonnumquam
1531 2605 1674 2651 cum
1724 2586 1969 2652 eisdem
2018 2586 2465 2652 Ambrosianis
2513 2586 2808 2667 partibus

469 2696 855 2776 conspirare,
923 2710 1089 2777 quae
1151 2693 1482 2760 Lactantii
1537 2693 1934 2760 Hermeticis
2005 2694 2325 2773 capitibus
2395 2692 2807 2775 respondent.

464 2800 691 2880 Itaque
739 2820 834 2882 ea,
884 2819 1054 2882 quae
1100 2820 1182 2867 ex
1219 2802 1555 2881 utriusque
1593 2800 1928 2883 scriptoris
1964 2800 2124 2866 locis
2158 2801 2477 2866 similibus
2512 2799 2806 2867 concludi

467 2921 656 2986 posse
713 2926 976 2990 censeo,
1040 2910 1142 2975 his
1199 2908 1416 2975 verbis
1473 2907 2039 2989 comprehendam:
2100 2908 2483 2973 Lactantius
2541 2913 2610 2972 et
2654 2907 2806 2972 Am·

469 3014 719 3079 brosius
783 3016 1214 3098 compluribus
1277 3016 1435 3081 locis
1513 3014 1596 3080 ad
1659 3031 2061 3079 communem
2132 3020 2459 3079 auctorem
2522 3012 2806 3078 Stoicum

465 3120 761 3205 redeunt,
809 3137 1001 3202 quem
1031 3122 1283 3191 Graece
1331 3116 1675 3205 scripsisse
1723 3140 1807 3187 ex
1836 3121 2123 3187 Nemesii
2156 3128 2224 3186 et
2255 3119 2489 3187 Galeni
2518 3119 2804 3185 testimo-

463 3227 592 3294 niis
639 3229 974 3297 evincitur.
1053 3229 1156 3295 Ex
1200 3230 1322 3295 hoc
1368 3236 1632 3295 auctore
1679 3226 2005 3295 fluxerunt
2052 3246 2168 3294 eae
2200 3226 2533 3292 Lactantii
2561 3230 2804 3308 partes,
2854 3235 2867 3249 ·

462 3349 628 3413 quas
656 3336 909 3402 Brandt
939 3337 1308 3403 Hermetico
1341 3336 1589 3405 auctori
1618 3336 2002 3419 assignavit,
2050 3336 2117 3401 in
2150 3334 2478 3401 Ambrosii
2522 3336 2807 3399 tractatu

461 3442 613 3509 inde
676 3442 998 3526 originem
1057 3445 1381 3511 duxerunt
1436 3461 1547 3520 ea,
1596 3458 1762 3523 quae
1810 3448 2218 3525 exponuntur
2263 3440 2329 3507 in
2377 3438 2816 3523 paragraphis

463 3547 568 3632 54,
631 3548 737 3633 56,
804 3550 1089 3635 65—67,
1153 3550 1237 3615 68
1314 3552 1404 3633 (in
1481 3558 1773 3617 extrema
1829 3553 2061 3632 parte),
2132 3547 2239 3631 69,
2299 3544 2386 3610 ’70
2440 3545 2532 3630 (in
2594 3547 2809 3629 priore

463 3656 695 3743 parte),
745 3657 846 3723 74.
1990 3658 1995 3667 '

638 3874 991 3954 Postquam
1082 3874 1666 3941 demonstravimus
1758 3892 2063 3957 magnam
2138 3867 2628 3938 Ambrosiam
2700 3885 2809 3939 exe

464 3980 801 4061 positionis
833 3988 1084 4065 partem
1118 4000 1203 4048 ex
1233 3982 1448 4048 Stoico
1479 3991 1742 4047 auctore
1775 3982 2221 4064 depromptam
2253 3995 2441 4059 ess0,.
2465 3975 2809 4043 tractanda

456 4090 712 4153 restant
757 4107 853 4170 ea,
921 4104 1086 4168 quae
1132 4090 1196 4155 in
1249 4106 1502 4171 paragr.
1549 4084 1638 4151 55
1675 4093 2083 4155 enarrantur.
2164 4084 2312 4167 Qua
2336 4084 2631 4181 inparte
2655 4100 2831 4148 num

459 4194 841 4263 Ambrosius
904 4197 1125 4263 eodem
1187 4196 1383 4263 fonte·
1429 4211 1598 4260 usus
1655 4192 1773 4274 sit,
1854 4208 1969 4273 pro
2032 4195 2225 4255 cenez.
2278 4186 2639 4254 diiudicari
2678 4198 2827 4258 no‘u‘·

461 4307 708 4382 potest,
769 4304 940 4383 quod
985 4304 1156 4387 apud
1203 4303 1576 4384 scriptores·
1602 4314 1807 4383 supra¹
1845 4296 2172 4364 adhibitos
2214 4295 2363 4360 loci·
2386 4292 2633 4360 similes
2679 4313 2809 4361 non

462 4408 896 4499 reperiuntur.
978 4412 1224 4485 Tamen
1269 4422 1648 4503 persuasum
1693 4406 1902 4473 habeo
1946 4404 2125 4477 hunc·
2164 4408 2417 4489 quoque
2461 4402 2821 4563 tgactatum·
