3425 5167
1437 434 1933 500 .-23..-

686 616 959 696 *Ipsum
990 613 1224 680 Galeni
1271 617 1634 695 exemplum
1665 614 2063 681 Ambrosius
2094 615 2234 681 fere
2267 616 2347 679 ad
2382 617 2650 681 verbum
2680 624 2893 681 trans·

526 722 708 789 tulit.
801 721 926 789 Sed
991 741 1066 787 eo
1129 724 1209 787 ab
1272 730 1555 788 auctore*
1601 723 1929 803 paululum
1978 722 2271 803 discedit,
2330 720 2501 802 quod·
2549 725 2889 789 verborum

530 830 860 911 positione
906 830 1244 894 immutata
1297 829 1528 909 incipit
1583 830 1847 910 „itaque
1896 838 2160 910 propter
2206 832 2422 895 oculos
2456 878 2469 891 .
2504 830 2615 895 .⁴.“³
2678 831 2889 896 Verba

534 938 635 1002 ita
680 955 926 1017 ponere
975 936 1120 1002 ideo
1165 937 1414 1017 maluit,
1463 948 1535 999 ut
1580 937 1751 1001 hanc
1796 940 2050 1017 partem
2096 936 2427 1017 proximae
2462 938 2888 1020 paragrapho,

533 1046 652 1110 -ubi
698 1044 780 1109 de
813 1045 1014 1109 oculis
1056 1044 1212 1125 egit,
1263 1045 1467 1109 artius
1509 1048 1903 1109 annecteret.
1980 1045 2222 1109 Tamen
2262 1046 2391 1110 hoc
2422 1045 2892 1130 sententiarum

531 1170 790 1217 conexu
853 1170 955 1216 me
1019 1150 1260 1215 offendi
1327 1150 1627 1225 concedo.
1723 1150 1885 1216 Nam
1934 1171 2075 1216 cum
2125 1171 2207 1216 ex
2253 1152 2368 1231 eiS‚
2420 1171 2583 1232 quae
2628 1170 2889 1232 praecc-

537 1258 722 1341 dunt‚
779 1258 919 1323 'hoc
994 1258 1382 1323 medicorum
1462 1259 1769 1339 placitum
1842 1260 2017 1323 nullo
2089 1259 2287 1323 modo·
2345 1258 2685 1340 efficiatur,
2762 1278 2891 1324 non

532 1367 731 1432 video
827 1384 938 1430 cur
1032 1366 1412 1431 Ambrosius
1509 1366 1953 1431 concludentis
2042 1366 2492 1431 coniunctione
2585 1366 2892 1447 „itaque“

537 1481 778 1538 utatur.
872 1473 1085 1539 Aliter
1144 1491 1252 1537 res
1315 1492 1386 1537 se
1447 1476 1647 1538 habet
1707 1474 1902 1553 apud·
1944 1472 2279 1553 Galenum,
2341 1466 2717 1553 quisubtili
2768 1474 2893 1538 dis-

533 1580 874 1661 quisitioni
936 1579 1127 1643 finem
1185 1580 1458 1659 imponit
1515 1580 1735 1645 verbis
1803 1600 1956 1645 usus
2012 1574 2085 1641 τὰ
2144 1575 2213 1652 ἐξ
2249 1574 2459 1665 ἱἀρχῆς
2506 1578 2894 1663 ζητούμενον

538 1685 662 1771 ἤδη
712 1691 916 1765 πέρας
959 1681 1110 1764 ἔχει.
1157 1688 1462 1768 φαίνεται
1510 1680 1624 1771 γὰρ
1670 1679 1706 1748 ὅ
1751 1685 1877 1766 μὲν
1924 1683 2272 1769 ἐγκέφαλος
2315 1688 2455 1749 κτλ.’

721 1794 938 1875 Quod·
987 1794 1067 1858 ad
1146 1795 1350 1873 ipsam
1429 1795 1857 1859 elocutionem
1928 1796 2188 1873 attinet,
2268 1794 2675 1877 AmbrosiuS‚
2753 1813 2895 1860 cum

539 1902 724 1965 dicat
801 1918 1032 1965 sensns
1119 1902 1438 1966 domicilio
1525 1903 1799 1981 quodam
1876 1920 2023 1967 csse
2110 1904 2521 1985 constitutOS‚
2583 1904 2897 1967 >auctoris

534 2008 832 2071 sermoni
881 2008 1144 2073 aridiori
1199 2009 1320 2073 hoc
1368 2026 1617 2088 quoque
1663 2010 1802 2073 loco
1851 2019 2141 2073 ornatum
2196 2010 2513 2088 quendam
2562 2016 2632 2074 et
2676 2010 2896 2089 ampli-

534 2115 831 2180 tudinem
880 2114 1121 2180 addere
1167 2117 1400 2181 studet.
1444 2152 1531 2160 —

538 2230 542 2232 ’
640 2259 642 2261 v
723 2222 848 2285 Sed
875 2222 954 2285 ad
982 2222 1153 2286 aliud
1182 2224 1544 2301 exemplum
1579 2231 2031 2287 transea111us.‘
2072 2222 2255 2287 Modo
2283 2223 2559 2288 vidimus
2582 2222 2900 2289 Galenum

532 2346 690 2393 eam
749 2331 1213 2408 quaestionem,
1275 2348 1464 2409 quam
1510 2330 1778 2394 ineunte
1826 2331 1989 2395 libio
2047 2329 2201 2393 VIII
2248 2331 2643 2411 instituerat,
2692 2331 2905 2411 capite

539 2434 604 2499 V
645 2438 1020 2501 absolvisse.
1114 2437 1190 2501 In
1250 2438 1546 2516 sequenti
1590 2439 1993 2516 expositione
2032 2431 2199 2521 (capss
2250 2436 2343 2499 VI
2402 2434 2547 2521 sqq)
2604 2438 2896 2518 singulas

527 2544 771 2631 capitis
821 2551 1044 2624 paites
1078 2544 1454 2609 tractandas
1501 2545 1777 2626 suscipit
1824 2544 2280 2623 disputationis
2323 2545 2508 2608 initio
2556 2565 2595 2609 a
2640 2548 2895 2624 cerebri

521 2652 908 2715 »substantia
954 2651 1161 2718 ducto.
1223 2652 1497 2716 Ineunte
1530 2653 1672 2716 hac⁴
1695 2658 1881 2731 parte
1924 2651 2212 2717 ostendit
2256 2654 2613 2731 cerebrum,
2657 2672 2738 2717 ex
2770 2671 2895 2731 quo

525 2776 762 2823 omnes
797 2759 980 2823 nervi
1009 2759 1316 2837 oriantur,
1351 2759 1455 2823 his
1488 2760 1709 2824 nervis
1744 2759 2179 2824 esse-mollius
2210 2756 2297 2843 (p.
2331 2756 2505 2841 636).
2570 2758 2765 2823 Cuius
2796 2760 2895 2825 rei

525 2865 798 2931 causam
829 2885 980 2929 eam
1008 2884 1153 2930 esse
1179 2865 1355 2944 dicit,
1383 2868 1548 2944 quod
1577 2853 1769 2929 molle
1794 2848 2137 2930 cerebrum·
2160 2864 2318 2931 'duro
2343 2866 2543 2931 multo
2568 2867 2782 2948 aptius
2808 2867 2896 2931 sit

525 2972 618 3037 ad
657 2972 1064 3052 accipiendos
1115 2969 1416 3035 affectus
1443 2969 2054 3053 ‘et‘iniaginationes
2101 2974 2401 3037 sensibus
2447 2972 2687 3038 illatos:
2741 2976 2893 3038 Am*

538 3078 826 3143 brosium
846 3097 927 3141 ex
943 3079 1066 3141 hac
1086 3096 1335 3157 quoque
1353 3074 1746 3158 parte,'quae
1773 3097 1909 3142 cum
1932 3080 2128 3143 rebus
2146 3087 2297 3144 ante
2315 3080 2613 3143 tractatis
2631 3080 2893 3145 minime

526 3185 865 3264 cohaeret,
916 3185 1224 3249 nonnulla
1257 3187 1661 3265 excerpsisse
1698 3205 1777 3250 cx
1809 3185 1967 3250 locis
2000 3186 2251 3250 collatis
2282 3172 2404 3250 tibi
2436 3185 2891 3267 persuadebis:

745 3308 753 3326 ³
823 3290 1067 3356 Galen
1119 3310 1180 3372 p.
1227 3290 1393 3356 6335.-
1493 3322 1496 3327 ·
1557 3326 1608 3407 -
1657 3283 1667 3331 ·‚
1714 3274 1737 3309 '¹
2062 3290 2449 3378 Ambros.·§
2498 3292 2600 3357 61.

530 3402 728 3486 (ὗτος
783 3410 1182 3500 (ἐγκέφαλος)
1223 3414 1350 3537 μὲν
1400 3436 1514 3477 ow
1547 3414 1690 3503 τὴν
2380 3416 2383 3423 ’

525 3522 660 3602 μὲν
753 3527 977 3585 οὐσίαν
1063 3515 1446 3602 ὅμοι’ότατός
1530 3518 1667 3586 ἐστι

532 3634 672 3702 τοῖς
717 3636 988 3713 «εὕροις,
1049 3628 1140 3691 ὧν
1187 3626 1456 3709 ἔμελλεν
1500 3626 1662 3717 αρχὴ

525 3739 954 3825 γενήσεσθαι,
1009 3730 1233 3824 πλὴν“
1211 3729 1336 3821 όσῳ
1366 3737 1678 3835 μᾳλακώ-
1740 3751 1747 3757 ·

523 3864 722 3928 -τερος
769 3846 986 3907 αὐτων
1033 3837 1339 3927 υπιίρχει.
1385 3867 1497 3908 και
1542 3839 1662 3930 γὰρ
1738 3826 2079 3928 ideoque
2137 3846 2387 3910 mollius
2474 3850 2577 3911 est
2654 3846 2891 3912 ceteris

525 3970 651 4011 και
720 3946 904 4011 τοῦτ’
969 3947 1224 4035 ἔπρεπε
1293 3955 1383 4037 τῷ
1444 3948 1707 4024 πάσας-
1770 3956 2127 4036 cerebrum,
2178 3954 2329 4033 quia
2374 3956 2581 4021 omnis
2620 3954 2893 4035 suscipit

524 4054 665 4135 ,μὲν
731 4054 822 4127 εἰς
886 4050 1082 4120 αὑτὸν
1148 4053 1263 4129 τὰς
1320 4056 1661 4146 αἰσθήσεις
1770 4077 2019 4126 sensus,

525 4156 958 4246 ἕκδεχομένῳ.
1107 4208 1110 4211 -
1475 4206 1480 4211 -
1711 4150 1719 4239 Ι

689 4271 951 4335 vDenuo
984 4272 1402 4368 observamus
1436 4274 1849 4365 Ambrosium
1888 4275 2169 4359 auctoris
2217 4274 2687 4355 expositionem
2727 4273 2889 4341 adeo

521 4378 985 4444 circumcisam
1017 4372 1309 4461 reddere,
1358 4387 1430 4445 ut
1471 4378 1639 4459 ‘quae
1671 4400 1829 4447 vera
1876 4382 1963 4447 sit
2008 4381 2147 4447 eius
2176 4382 2505 4447 sententia
2534 4400 2661 4446 non
2694 4381 2890 4447 facile
