3425 5167
1445 482 1891 547 ...Μ-

481 656 724 739 quibus
784 659 1167 725 Lactantius
1223 659 1291 723 in
1347 659 1573 726 eodem
1631 661 1848 741 capite
1918 663 2077 727 dicit
2144 668 2223 739 (c.
2268 663 2335 728 X
2382 662 2518 750 21¹):
2584 670 2847 746 „cetera

483 784 683 845 quam
731 766 965 832 decora
1021 767 1158 833 sint
1203 767 1316 834 vix
1362 768 1632 849 exprimi
1678 776 1899 852 potest
1930 821 1943 834 .
1990 821 2004 834 .
2053 822 2067 835 .
2112 769 2332 837 valida
2378 775 2448 838 et
2492 772 2847 837 substricta

487 872 713 939 nervis
769 874 854 939 ad
914 873 1363 941 fortitudinem
1429 875 1694 940 brachia
1711 923 1727 956 ,
1804 876 2171 958 insignibus
2242 877 2404 943 toris
2482 878 2847 943 extantium

479 980 877 1046 lacertorum
923 982 1156 1065 vigens
1209 983 1426 1064 robur,
1494 982 1670 1047 utilis
1729 1001 1807 1048 ae
1862 982 2100 1049 decens
2163 982 2412 1049 flexura
2465 984 2844 1051 cubitorum.

481 1086 646 1167 quid
678 1087 885 1155 dicam
921 1088 1004 1155 de
1041 1088 1340 1154 manibus
1384 1089 1658 1154 rationis
1705 1108 1783 1155 ac
1824 1090 2186 1171 sapientiae
2232 1090 2593 1158 ministris?
2684 1108 2846 1171 quas

483 1194 982 1261 sollertissimus
1031 1196 1272 1261 artifex
1317 1242 1332 1257 .
1384 1245 1396 1258 .
1455 1198 1511 1261 si
1559 1196 1714 1274 quid
1762 1197 2114 1263 tenendum
2160 1198 2250 1263 sit
2270 1200 2309 1263 ’.
2357 1249 2371 1262 .
2420 1249 2435 1262 .
2488 1199 2555 1263 in
2604 1198 2845 1281 digitos

481 1302 928 1369 terminaviffl.
1021 1302 1094 1367 In
1147 1303 1418 1369 eandem
1465 1304 1855 1369 sententiam
1905 1304 2189 1383 loquitur
2219 1306 2599 1372 Ambrosius
2643 1302 2705 1388 (ξ
2738 1305 2847 1385 69)

493 1411 899 1490 „succedunt
955 1411 1219 1475 brachia
1275 1415 1343 1476 et
1390 1412 1591 1477 validi
1647 1412 2035 1477 lacertorum
2080 1412 2227 1493 tori,
2276 1412 2532 1479 validae
2573 1412 2656 1477 ad
2703 1430 2848 1493 ope-

486 1517 762 1583 randum
795 1536 1024 1583 manus
1063 1523 1132 1583 et
1164 1519 1637 1597 procerioribus
1670 1518 1897 1602 digitis
1935 1517 2189 1584 habiles
2236 1517 2317 1583 ad
2351 1519 2704 1585 tenendum
2738 1571 2751 1584 .
2786 1570 2798 1589 ,
2834 1572 2846 1584 .

492 1643 724 1689 manus
771 1630 872 1690 est
917 1624 1119 1689 totius
1153 1625 1439 1705 corporis
1470 1625 2047 1709 propugnaculum,
2096 1626 2335 1707 capitis
2380 1626 2841 1692 defensatrix.“

488 1730 634 1813 Quo
666 1732 803 1798 loco
831 1733 1212 1798 Ambrosius
1245 1751 1320 1798 eo
1351 1737 1604 1797 tantum
1639 1751 1680 1798 a
1701 1732 2048 1798 Lactantio
2080 1732 2347 1813 recedit,
2376 1732 2545 1812 quod
2575 1732 2847 1799 eandem

487 1839 887 1904 :sententiam
927 1839 1198 1905 adiectis
1231 1840 1540 1904 librorum
1588 1858 1915 1905 sacrorum
1961 1840 2121 1905 locis
2160 1839 2351 1906 valde
2398 1839 2848 1917 amplificatam

487 1944 725 2010 reddit.
774 1978 856 1988 -—
908 1945 982 2010 In
1031 1946 1325 2027 proxima
1369 1948 1782 2029 paragrapho
1829 1943 1964 2030 (70)
2012 1946 2393 2011 Ambrosius
2440 1946 2521 2013 de
2571 1948 2849 2028 pectoris

487 2058 676 2119 crate
721 2052 885 2118 haec
933 2055 1232 2133 praebet:
1287 2054 1468 2135 „quis
1516 2054 1713 2136 digne
1763 2054 2046 2136 explicet
2076 2054 2358 2134 pectoris
2406 2061 2648 2119 cratem
2696 2074 2851 2121 ven-

485 2161 745 2240 trisque
803 2158 1184 2226 mollitiam?
1241 2161 1433 2226 aliter
1488 2161 1660 2225 enim
1725 2161 1981 2227 viscera
2020 2160 2336 2256 ‘molliora
2395 2180 2521 2227 non
2583 2168 2853 2242 possent

487 2266 705 2333 foveri
754 2273 822 2332 et
859 2268 1314 2333 intestinorum
1357 2268 1537 2333 sinus
1579 2267 1760 2333 duris
1807 2268 1964 2333 haut
1999 2267 2193 2333 dubie
2228 2269 2484 2334 ossibus
2518 2267 2849 2334 laederen-

485 2371 661 2439 tur“.
752 2374 856 2439 De
903 2375 1130 2439 eadem
1177 2393 1250 2440 re
1297 2374 1684 2442 Lactantius
1731 2376 1874 2462 pari
1922 2375 2108 2439 modo
2156 2375 2449 2456 disputat
2493 2376 2559 2440 in
2608 2394 2744 2455 cap.
2792 2374 2849 2436 V

486 2479 535 2565 ξ
582 2477 624 2543 5
677 2497 799 2563 „ex
845 2482 984 2546 eius
1032 2478 1312 2565 (spinae)
1357 2488 1546 2563 parte
1594 2482 1781 2561 quasi
1829 2482 2042 2547 media
2098 2488 2313 2547 costas
2367 2481 2434 2545 id
2494 2488 2598 2548 est
2640 2488 2851 2547 trans-

496 2606 690 2653 versa
751 2595 820 2653 et
866 2589 1058 2669 plana
1121 2606 1270 2653 ossa
1320 2588 1614 2671 porrexit
1670 2588 1741 2653 in
1790 2588 2138 2671 diversum,
2206 2589 2440 2667 quibus
2498 2590 2857 2655 clementer

488 2694 785 2761 curvatis
833 2701 900 2759 et
954 2695 1023 2758 in
1080 2712 1153 2759 se
1207 2694 1392 2761 velut
1445 2695 1515 2760 in
1572 2696 1880 2761 circulum
1935 2714 2145 2777 paene
2203 2695 2535 2762 conductis
2596 2696 2856 2761 interna

496 2802 750 2881 viscera
813 2807 1258 2884 contegantur.
1352 2802 1442 2868 Ut
1500 2821 1598 2879 ea,
1666 2819 1833 2882 quae
1896 2804 2190 2869 molliora
2250 2809 2317 2869 et
2378 2804 2588 2868 minus
2636 2802 2854 2867 valida

489 2910 646 2974 fieri
709 2927 868 2989 opus
930 2916 1106 2989 erat,
1173 2908 1350 2973 illius
1425 2908 1671 2975 solidae
1742 2910 1942 2975 cratis
2015 2910 2313 2991 amplexu
2381 2914 2647 2991 possent
2706 2928 2854 2975 esse

495 3015 810 3081 munita.“
908 3014 1220 3079 Videmus
1266 3015 1679 3080 Lactantium
1732 3016 1927 3081 simili
1975 3016 2159 3081 modo
2216 3024 2411 3096 atque
2445 3016 2852 3081 Ambrosium

495 3140 851 3205 exponere,
901 3130 1140 3202 quanto
1174 3124 1316 3186 usui
1349 3110 1630 3204 p'ectoris
1677 3123 1875 3189 cratis
1906 3123 2267 3190 visceribus
2306 3122 2703 3189 mollioribus
2751 3122 2855 3189 sit.

501 3264 584 3276 —-
633 3230 936 3310 Denique
991 3236 1264 3310 uterque
1319 3230 1602 3311 scriptor
1655 3231 1928 3297 eandem
1984 3230 2483 3311 philosophandi
2535 3232 2853 3295 rationem

491 3344 763 3403 secutus
829 3338 1063 3419 capitis
1119 3336 1402 3419 figuram
1468 3337 1822 3419 perfectam
1872 3356 2019 3405 esse
2080 3338 2379 3404 similiter
2435 3336 2854 3403 demonstrat.

503 3446 830 3510 Ambrosii
873 3446 1083 3511 locum
1131 3445 1261 3509 iam
1307 3462 1504 3526 supra
1550 3446 1906 3528 attulimus,
1965 3460 2089 3524 quo
2137 3445 2297 3511 dicit
2340 3441 2402 3528 (ξ
2450 3443 2589 3525 68);
2647 3445 2856 3510 absol·

499 3552 714 3617 vimus
761 3552 945 3618 velut
975 3539 1297 3632 quandam
1329 3552 1593 3617 humani
1629 3552 1916 3633 corporis
1962 3553 2231 3633 regiam,
2280 3552 2348 3615 in
2397 3566 2526 3630 qua
2569 3552 2657 3617 sit
2701 3552 2857 3617 licet

493 3651 822 3741 quaedam
878 3660 1209 3740 quantitas
1256 3659 1592 3741 portionis,
1655 3659 1862 3724 forma
1918 3663 2137 3724 tamen
2193 3658 2643 3725 universitatis
2691 3656 2849 3723 est.“

493 3766 632 3847 Qui
676 3768 764 3831 sit
810 3784 1041 3833 sensus
1071 3768 1263 3833 huius
1311 3766 1633 3833 enuntiati
1677 3766 2085 3848 intellegitur
2116 3783 2199 3830 ex
2238 3764 2568 3830 Lactantii
2598 3781 2855 3829 accura-

505 3872 672 3937 tiore
719 3874 1174 3955 explanatione
1219 3878 1380 3955 (cap.
1414 3872 1577 3938 VIII
1623 3871 1759 3958 (54)
1812 3874 2018 3956 „hanc
2064 3873 2204 3938 eius
2262 3873 2473 3937 aulam
2522 3870 2683 3939 deus
2734 3890 2852 3937 non

494 3980 849 4044 obductam
903 3987 1394 4062 porrectamque
1438 3981 1746 4047 formavit
1789 3987 1863 4047 ut
1905 3981 1975 4046 in
2023 3980 2216 4045 mutis
2273 3978 2679 4061 animalibuS,
2738 3978 2853 4045 sed

495 4086 650 4150 orbi
690 4090 760 4150 et
803 4085 994 4168 globo
1041 4087 1340 4169 similem,
1373 4087 1541 4166 quod
1589 4088 1765 4153 orbis
1794 4088 2162 4153 rotunditas
2211 4086 2540 4169 perfectae
2584 4086 2857 4152 rationis

495 4201 611 4259 est
655 4210 733 4257 ac
777 4190 1079 4273 figurae.“
1179 4194 1318 4260 Hoc
1361 4195 1566 4275 igitur
1608 4194 1745 4260 loco
1776 4193 2161 4259 Lactantius
2206 4194 2588 4259 clarioribus
2634 4194 2857 4259 verbis

499 4300 590 4367 de
647 4299 874 4365 eadem
923 4297 1283 4365 Stoicorum
1345 4301 1646 4380 opinione
1693 4302 1852 4383 agit,
1903 4291 2095 4378 quam
2148 4302 2531 4367 Ambrosius
2578 4307 2857 4367 exeunte

501 4407 918 4490 paragrapho
951 4404 1036 4469 68
1070 4408 1152 4471 ab
1179 4406 1451 4487 Apuleio
1483 4415 1746 4473 auctore
1778 4409 2113 4489 digressus
2147 4409 2434 4473 breviter
2463 4408 2746 4491 attingit.
2769 4442 2865 4454 —
