3425 5167
1579 462 2020 526 ...46-

628 635 1074 708 emendandis
1101 642 1578 708 collocaverint.
1651 640 1949 707 Omnium
2000 642 2277 708 maxime
2310 640 2663 707 Vulcanius
2711 660 2750 707 a
2784 658 2983 725 scopo

628 749 978 831 aberravit,
1045 750 1152 829 qui
1211 748 1365 814 huic
1426 748 1566 814 loco
1630 765 1893 814 sensum
1956 766 2221 830 prorsus
2284 749 2567 815 alienum
2623 750 2979 831 supposuit.

628 856 887 922 Primus
919 856 1324 922 Hildebrand
1371 861 1616 921 rectam
1648 855 2038 922 emendandi
2068 856 2243 923 viam
2274 857 2613 941 ingressus
2644 856 2987 937 perspexit

630 962 1159 1043 proficiscendum
1224 981 1370 1028 esse
1432 982 1482 1029 a·
1533 965 1736 1031 verbo
1784 963 2173 1045 '„vectare“‚
2246 963 2411 1044 quod
2474 962 2771 1029 Platonis
2834 964 2985 1031 voci
3042 1006 3049 1012 -

629 1066 838 1155 ὄχημα
872 1098 955 1123 =
998 1070 1442 1142 „vehiculum“
1494 1070 1938 1151 responderet.
2032 1070 2237 1152 Quam
2286 1089 2443 1137 vcra
2492 1072 2581 1135 sit
2626 1071 2791 1137 haec
2836 1089 2982 1137 sen·

629 1180 837 1243 tentia
883 1184 1068 1258 patet
1112 1195 1194 1243 ex
1224 1178 1584 1255 Ambrosio,
1633 1181 1739 1257 qui
1789 1177 1949 1242 dicit
1991 1175 2055 1261 (ξ
2086 1176 2228 1261 57);
2284 1180 2612 1255 „membra
2644 1229 2657 1241 .
2693 1229 2705 1241 .
2741 1228 2755 1242 .
2787 1184 2986 1259 caput

628 1286 1093 1351 circumferunt
1123 1286 1414 1364 atquessin
1447 1285 1707 1350 sublimi
1738 1287 2020 1351 locatum
2054 1285 2193 1350 veh
2210 1290 2417 1367 unt“,
2452 1284 2565 1349 ubi
2595 1285 2982 1351 Ambrosius

629 1393 820 1458 simul
866 1393 1128 1467 indicat,
1187 1390 1360 1457 unde
1403 1399 1610 1457 ortum
1659 1392 1750 1457 sit
1793 1391 1955 1457 illud
2004 1393 2357 1459 absurdum
2418 1391 2668 1474 „possit
2711 1398 2820 1457 ut“
2871 1393 2981 1458 vel

635 1502 884 1581 „possit
943 1502 1050 1564 in“
1113 1502 1218 1567 vel
1288 1500 1639 1581 „possuit“,
1704 1499 1873 1580 quod
1921 1499 2416 1580 Oudendorpius
2478 1500 2846 1566 emendavit
2905 1500 2973 1563 in

636 1608 950 1688 „sublime
980 1609 1259 1689 positum
1291 1606 1424 1675 ut“.
1479 1607 1664 1673 Haec
1691 1607 2061 1673 coniectura
2096 1608 2347 1687 magnis
2380 1608 2691 1673 subsidiis
2713 1606 2981 1672 fulcitur

629 1714 1059 1780 Ambrosiano
1120 1715 1260 1781 loco
1327 1715 1511 1781 modo
1575 1716 1772 1780 allato
1841 1716 1945 1796 „in
2010 1715 2273 1780 sublimi
2333 1715 2741 1782 locatum“.
2840 1714 2982 1778 Iam

630 1822 1040 1904 perspicuum
1090 1829 1196 1888 est
1239 1822 1508 1907 duorum
1554 1827 1811 1888 tantum
1858 1822 2173 1887 editorum
2215 1822 2559 1888 lectionem
2592 1828 2662 1888 et
2692 1820 2981 1887 codicum

629 1928 931 2009 vestigiis
978 1936 1046 1995 et
1091 1929 1542 1995 Ambrosianis
1589 1930 1915 2010 excerptis
1962 1930 2366 2012 satisfacere,
2415 1928 2866 1995 Hildebrandii
2915 1933 2992 1993 et-

632 2035 795 2102 Gold
807 2036 1090 2118 bacheri,
1139 2036 1247 2117 qui
1295 2056 1370 2103 eo
1419 2034 1750 2119 differunt,
1800 2037 1967 2117 quod
2003 2038 2173 2117 prior
2213 2036 2629 2118 comparandi
2662 2035 2985 2117 particula

637 2142 784 2221 „ut“
838 2144 1079 2209 omissa
1125 2143 1353 2209 scribit
1405 2145 1783 2228 „sublimem
1842 2145 2122 2225 positum
2171 2144 2561 2225 dominum“,
2626 2164 2770 2210 cum
2817 2144 2996 2208 alter

631 2269 820 2331 quam
850 2251 1142 2331 proxime
1174 2250 1256 2315 ad
1280 2250 1566 2316 codicum
1603 2252 1994 2331 scripturam
2020 2252 2335 2317 accedens
2362 2254 2631 2317 scribat:
2672 2250 2990 2332 „sublime
3054 2320 3065 2343 Ι

628 2358 904 2439 positum
956 2363 1027 2423 ut
1071 2357 1459 2423 dominum“.
1545 2357 1711 2424 Utra
1755 2358 1948 2424 lectio
1995 2359 2304 2425 maiorem
2351 2360 2593 2425 habeat
2640 2358 2983 2438 probabili·

629 2465 787 2531 tatis
835 2470 1136 2547 speciem,
1187 2465 1398 2531 denuo
1437 2465 1623 2531 docet
1658 2466 2037 2532 Ambrosius
2091 2468 2420 2549 „membra
2452 2518 2465 2531 .
2500 2513 2511 2527 .
2550 2518 2563 2531 .
2596 2466 2995 2532 ancillantur

631 2580 712 2638 ut
758 2570 1075 2665 domino‘f.
1167 2572 1322 2637 Cum
1373 2572 1656 2655 accedat,
1725 2572 1892 2653 quod
1940 2572 2377 2639 Goldbacheri
2424 2574 2619 2639 lectio
2671 2571 2995 2651 „sublime-

631 2678 948 2760 positum“
1011 2680 1339 2746 Ambrosii
1395 2681 1636 2747 verbis·
1683 2682 1799 2763 „in
1856 2682 2172 2746 sublimi
2222 2676 2544 2747 locatum“
2598 2678 2825 2745 melius
2878 2695 2992 2743 re·-

631 2786 910 2868 spondet
935 2806 1120 2867 quam
1149 2786 1609 2853 Hildebrandii
1638 2788 2015 2870 „sublimem
2049 2787 2398 2870 positum“,
2426 2788 2535 2853 ubi
2562 2785 2971 2867 „sublimem“·

629 2910 758 2959 non
792 2894 872 2959 ad
907 2894 1141 2976 capitis
1173 2895 1389 2976 situm,
1425 2894 1541 2961 sed
1574 2896 1655 2960 ad
1690 2913 1911 2962 vocem
1952 2896 2356 2977 „dominum“
2387 2894 2691 2976 refertur,
2722 2892 2987 2973 optimis-

630 3001 865 3082 Apulei
912 3000 1240 3067 codicibus
1289 3008 1356 3067 et
1401 3004 1732 3069 Ambrosii
1787 3003 2159 3069 testimonio
2208 3002 2487 3069 confisus
2534 3002 2741 3068 solum
2785 2998 2989 3066 Gom--

631 3110 980 3174 bacherum
1025 3108 1369 3175 lectionem
1416 3110 1769 3191 genuinam
1814 3110 2183 3175 restituisse
2231 3110 2532 3176 existimo
2552 3110 2617 3190 ²).

808 3215 958 3281 Alio
1004 3217 1164 3297 loc0,
1213 3233 1336 3295 quo
1372 3216 1753 3281 Ambrosius
1794 3217 1861 3279 in
1894 3215 2255 3281 subsidium
2300 3218 2607 3299 succedit,
2656 3216 2781 3282 viri
2811 3213 2993 3279 docti.

629 3323 839 3388 minus
887 3322 967 3387 de
1013 3322 1378 3403 Apuleiana
1433 3322 1712 3388 lectione
1770 3341 1960 3402 quam
2019 3323 2100 3388 de
2146 3323 2691 3405 interpretatione
2737 3322 2982 3387 dissen-

628 3430 819 3495 tiunt.
910 3428 986 3492 In
1035 3428 1491 3495 Hildekrandii
1541 3428 1825 3496 editione
1887 3430 1967 3496 de
2015 3431 2425 3512 pulmonibus
2472 3432 2781 3514 leguntur
2822 3430 3003 3494 haec-

613 3534 798 3627 ‚(cap.
828 3536 1006 3621 XV):
1061 3536 1446 3612 „Pulmones
1493 3536 1632 3603 loco
1681 3556 1759 3603 ac
1804 3538 1907 3602 sui
1952 3556 2195 3619 genere
2242 3540 2420 3604 cordi
2462 3539 2807 3620 plurimum
2840 3553 3001 3601 con·-

630 3643 868 3709 sulunt.
961 3642 1118 3709 Cum
1167 3643 1537 3710 exardescit
1581 3645 1680 3710 ira
1724 3644 2188 3726 trepidansque
2236 3646 2656 3713 celerioribus
2704 3644 2987 3711 motibus

632 3757 862 3818 vertex
927 3750 1138 3816 cordis
1203 3750 1410 3833 ipsius
1480 3751 1745 3817 madens
1814 3753 2148 3835 sanguine,
2222 3755 2592 3833 pulmonum
2666 3750 3005 3832 excipitur

633 3857 906 3922 mollitia
951 3858 1083 3937 siti,
1131 3855 1439 3939 frigore“.
1530 3858 1670 3924 Hoc
1715 3860 1920 3941 igitur
1975 3861 2161 3926 modo
2208 3860 2750 3943 interpunctionis
2800 3859 3006 3940 signo-

635 3970 784 4045 post
834 3962 1254 4039 „consulunt“
1306 3969 1374 4030 et
1419 3974 1733 4035 commate
1782 3976 1929 4047 post
1980 3967 2375 4049 „sanguine“
2414 3968 2623 4051 posito
2671 3967 2737 4032 in
2778 3966 2991 4032 altera

635 4069 1079 4137 enuntiatione
1157 4072 1282 4137 duo
1369 4070 1741 4139 efficiuntur
1813 4075 2149 4141 enuntiata
2224 4076 2639 4158 temporalia,
2719 4091 2990 4154 quorum

634 4178 901 4244 alterius
963 4178 1322 4245 subiectum
1385 4190 1486 4247 est
1555 4182 1755 4263 „ira“,
1820 4183 2087 4247 alterius
2160 4192 2428 4260 „vertex
2488 4181 2762 4248 cordis“.
2856 4177 3007 4244 Sed

816 4410 853 4463 ¹)
895 4406 1331 4464 Goldbacherum
1369 4416 1588 4467 secutas
1627 4417 1714 4465 ost
1752 4411 1923 4465 ctiam
1962 4412 2215 4465 Thomas.
