3425 5167
1526 421 1963 489 ...66-

571 603 650 668 ad
677 602 958 669 Stoicum
987 609 1312 669 auctorem
1329 604 1568 669 redire.
1616 601 1798 686 Quae
1824 602 2042 683 opinio
2066 603 2501 682 compluribus
2527 602 2929 684 argumentis

577 710 1012 776 commendari
1059 711 1218 775 mihi
1265 709 1542 776 videtur.
1588 745 1678 755 —

753 817 1134 882 Ambrosius
1180 818 1246 880 in
1293 819 1418 882 hac
1464 824 1653 898 parte
1700 816 1988 881 ostendit
2030 817 2357 882 hominem
2404 835 2552 881 esse
2602 824 2931 896 tamquam

571 912 1078 1006 microcosmum,
1141 924 1311 1003 quod
1373 925 1513 991 eius
1579 933 1778 1004 caput
1838 923 2064 989 eodem
2137 924 2324 989 modo
2382 943 2581 1004 supra
2645 924 2930 1002 reliquos

575 1038 755 1096 artus
803 1033 1088 1097 emineat
1132 1038 1327 1110 atque
1375 1032 1623 1097 caelum
1673 1049 1872 1111 supra
1918 1032 2257 1096 elementa.
2329 1029 2430 1095 Ex
2475 1031 2599 1095 hac
2640 1032 2929 1111 corporis

573 1157 743 1219 arce,
820 1139 890 1203 iu
971 1156 1098 1218 qua
1172 1139 1415 1219 regalis
1487 1120 1810 1218 ‘quaedam
1904 1138 2227 1214 sapientia
2312 1139 2585 1219 habitet,
2692 1139 2930 1203 ceteris

576 1247 880 1311 membris
926 1246 1219 1327 vigorem
1268 1252 1337 1311 et-
1383 1244 1857 1327 providentiam
1918 1244 2179 1310 deferri.
2272 1245 2483 1324 Caput
2527 1246 2771 1310 habore
2818 1246 2929 1308 im·

577 1354 890 1433 perialem
970 1354 1294 1432 quandam
1366 1360 1778 1435 potestatem,
1860 1368 1987 1432 qua
2053 1371 2275 1418 omnes
2349 1354 2637 1434 corporis
2706 1359 2930 1433 partes

577 1470 891 1541 regantur
939 1474 1006 1525 et
1052 1460 1420 1526 fulciantur.
1471 1496 1555 1505 ---

753 1569 1152 1649 AmbrosiuS‚
1214 1587 1353 1633 cum
1406 1578 1538 1632 tam
1587 1568 1832 1633 diserte
1890 1566 2124 1649 capitis
2174 1558 2640 1646 praestantiam
2685 1566 2927 1646 laudet,

575 1668 802 1755 aperte
868 1660 1021 1740 illud
1090 1668 1473 1763 ἡγεμονικὸν
1517 1675 1806 1756 respicit,
1873 1676 2041 1753 quod
2090 1676 2297 1740 omnis
2356 1681 2568 1739 motus
2619 1672 2929 1756 fontem¹)

579 1789 647 1847 et
724 1784 924 1847 totius
1002 1785 1291 1862 corporis
1370 1782 1690 1847 dominum
1772 1789 1967 1859 atque
2044 1782 2430 1862 rectorem2)
2508 1800 2655 1847 esse
2732 1780 2929 1845 Stoici

574 1890 918 1954 voluerunt
1031 1890 1214 1953 Hanc
1273 1908 1586 1954 summam
1642 1890 1897 1953 animae
1954 1903 2213 1968 partem
2270 1890 2332 1952 in
2393 1891 2606 1969 capite
2654 1890 2928 1953 locatam

573 2014 720 2061 esse
767 1996 970 2061 refert
1021 1996 1404 2061 Plutarchus
1453 1996 1626 2061 Plac.
1672 1997 1903 2076 philos.
1941 1996 2053 2075 IV,
2106 1993 2207 2059 21.
2290 1992 2371 2058 Οἱ
2416 1996 2692 2057 Στωϊκοί
2733 2014 2931 2076 φασιν

574 2094 744 2165 εἶναι
775 2094 913 2187 ’τῆς
979 2107 1188 2189 ψυχῆς
1248 2095 1319 2164 τὸ
1387 2084 1722 2164 ἀνώτατον
1785 2105 1977 2186 μέρος
2045 2096 2116 2162 τὸ
2168 2096 2548 2190 ἡγεμονικὸν
2610 2156 2623 2169 .
2687 2155 2700 2167 .
2760 2154 2773 2166 .
2819 2102 2930 2163 καὶ

573 2220 764 2291 τοῦτο
826 2203 1128 2288 λογισμὸν
1188 2207 1493 2272 καλοῦσιν
1559 2261 1571 2273 .
1629 2261 1641 2273 .
1707 2258 1718 2270 .
1779 2203 1945 2272 Αὐτὸ
2008 2208 2077 2271 δὲ
2136 2203 2207 2269 τὸ
2281 2203 2655 2296 ἡγεμονικιῗν
2716 2202 2929 2291 ὥςπερ

574 2310 644 2378 ἐν
690 2311 902 2400 κόσμῳ
950 2324 1244 2380 κατοικεῖ
1285 2310 1356 2377 ἐν
1401 2300 1484 2402 τῇ
1527 2315 1811 2405 ἡμετέρᾳ
1846 2316 2249 2399 σφαιροειδεῖ
2285 2316 2534 2402 κεφαλῇ
2546 2316 2611 2400 ⁸).
2672 2318 2773 2381 Ex
2804 2333 2929 2395 quo

572 2425 908 2489 Plutarchi
975 2426 1111 2489 loco
1176 2426 1370 2489 etiam
1431 2424 1855 2505 intellegitur,
1925 2443 2038 2489 cur
2090 2425 2473 2490 Ambrosius
2530 2434 2726 2505 caput.
2785 2442 2927 2488 cum

574 2531 1135 2611 praestantissimo
1203 2532 1547 2612 elementO,
1627 2531 1879 2597 scilicet
1946 2532 2146 2612 cae10‚
2224 2540 2571 2612 comparet.
2697 2532 2927 2596 Stoicis

578 2638 745 2731 enim
829 2638 1071 2716 placuit
1146 2646 1219 2702 ut
1294 2639 1355 2702 in
1439 2656 1706 2718 corpore
1783 2639 2062 2703 humano
2141 2639 2236 2703 ita
2311 2640 2376 2703 in
2455 2638 2692 2704 mundo
2769 2638 2927 2702 illud

572 2733 973 2832 ἡγεμονικόν,
1061 2746 1100 2807 i.
1175 2764 1227 2809 e.
1295 2746 1563 2819 caelum,
1643 2745 1818 2809 inter
1897 2745 2220 2811 elementa
2294 2745 2652 2826 principem
2718 2746 2927 2810 locum

577 2852 893 2933 obtinere,
957 2852 1035 2917 cf
1098 2853 1280 2934 Diog.
1344 2852 1418 2949 L.
1468 2852 1594 2916 VII
1649 2852 1772 2915 137
1824 2869 1969 2931 sqq:
2033 2851 2112 2913 τὰ
2180 2849 2256 2937 δὴ
2312 2856 2589 2935 τέτταρα
2638 2858 2927 2929 στοιχεῖα

574 2947 742 3019 εἶναι
806 3006 819 3020 .
869 3009 880 3022 .
933 3011 940 3019 .
1009 2955 1315 3021 ἀνωτάτω
1389 2956 1514 3037 μὲν
1593 2951 1708 3019 οὖν
1788 2951 1955 3021 ιῖναι
2035 2954 2103 3019 τὸ
2187 2969 2341 3041 πῦρ,
2418 2954 2452 3019 ὃ
2530 2956 2604 3045 δὴ
2684 2956 2923 3042 αἰθέρα

579 3062 933 3127 καλεῖσθαι
1004 3118 1016 3129 .
1067 3118 1078 3127 .
1129 3101 1145 3133 .-
1209 3066 1374 3128 οὕτω
1431 3062 1506 3151 δὴ
1554 3067 1661 3127 καὶ
1710 3061 1822 3126 τῖιι
1870 3058 2020 3127 ὅλον
2077 3064 2317 3145 κόσμον
2380 3066 2537 3151 ζῷον
2601 3062 2757 3127 ι’ἷνια
2820 3065 2929 3126 καὶ

539 3168 875 3255 ,ἔμψυχον
938 3172 1048 3233 καὶ
1112 3169 1384 3251 λογικόν,
1466 3167 1635 3249 ἔχειν
1696 3168 2080 3260 ἡγεμονικὸν
2142 3171 2267 3250 μὲν
2332 3168 2446 3233 ‘cdv
2514 3170 2752 3255 αἰθέρα
2802 3224 2813 3236 .
2858 3227 2867 3235 .
2914 3226 2924 3237 .

575 3278 973 3361 Χρύσιππος
1013 3278 1123 3339 καὶ
1155 3279 1581 3349 Ποσειδώνιος
1612 3273 1684 3340 ἐν
1709 3283 1796 3363 τῷ
1824 3281 1978 3362 περὶ
2002 3283 2181 3341 θεῶν
2204 3273 2319 3341 τὸν
2357 3276 2631 3362 οὐρανόν
2664 3298 2821 3360 φασι
2860 3274 2923 3339 ιι)

574 3378 952 3470 ἡγεμονικὸν
1029 3392 1145 3446 τοῦ
1235 3380 1493 3463 κόσμου.
1616 3386 1971 3452 Praeterea
2045 3388 2459 3467 AmbrosiuS,
2540 3407 2681 3451 cum
2758 3389 2929 3450 ‹licat

753 3614 792 3680 ¹)
830 3611 1004 3686 πάσης
1059 3614 1166 3687 γὰρ
1214 3601 1426 3690 φύσὲως
1473 3618 1566 3669 καὶ
1615 3625 1795 3688 ψυχῆς
1844 3616 1874 3671 ᾗ
1922 3622 2163 3687 καταρχί,
2216 3624 2310 3686 τῆς
2359 3614 2618 3687 κινήσεως
2654 3619 2923 3686 γίνεσθαι

579 3705 735 3758 δοκεῖ
781 3702 890 3770 ἀντὶ,
940 3704 1292 3779 ἥγεμονικοῦ,
1342 3707 1436 3757 καὶ
1481 3712 1653 3760 πιῖσαι
1699 3709 1757 3759 αἱ
1798 3706 1886 3758 ἐπὶ
1926 3702 1990 3759 τὰ
2027 3706 2170 3778 μέρη
2218 3712 2319 3758 τοῦ
2370 3701 2495 3759 ὅλου
2536 3700 2924 3763 ἑξαποστελλό-

583 3812 754 3867 μεναι
783 3789 1054 3867 ’δυνάμεις
1089 3792 1160 3853 οἷς
1197 3790 1304 3847 ἀπό
1344 3814 1490 3853 τινος
1514 3802 1696 3864 πηγῆς
1735 3801 1833 3847 τοῦ
1864 3794 2195 3867 ἡγεμονικοῦ
2231 3791 2723 3851 ἐξαποστέλλονται
2756 3792 2925 3861 (Sext.

579 3877 733 3948 Emp.
773 3882 910 3937 Adv.
951 3883 1120 3935 math.
1160 3882 1257 3947 IX,
1302 3884 1436 3947 102).

755 3989 796 4055 ⁸)
843 3990 907 4043 Ol
945 3986 1054 4044 ἀπὸ
1095 3997 1191 4059 τῆς
1235 3995 1396 4049 στοᾶς
1436 4030 1446 4041 .
1489 4030 1500 4042 .
1543 4031 1554 4043 .
1608 3986 1801 4044 λοιπὸν
1840 3986 1897 4043 τὸ
1940 3987 2277 4063 ἧγεμονικὸν
2312 3990 2384 4049 (ἔς
2422 3990 2492 4044 (ἓν
2532 3990 2796 4062 ἄρχοντος
2825 3986 2925 4062 χο]-

578 4100 683 4151 ραν
745 4078 892 4151 ἔχειν
937 4077 1298 4144 ὖπετίθεντο,
1357 4076 1421 4131 τὰ
1469 4076 1526 4132 δὲ
1577 4076 1710 4132 ἄλλα
1766 4079 1910 4153 μέρη
1960 4076 2017 4135 ἐξ
2058 4078 2337 4152 ὑπηρέτου
2388 4076 2534 4136 τάξει
2584 4078 2926 4143 ἀπεδίδοσαν,

576 4162 721 4222 (ἴστε
768 4164 827 4221 τὸ
881 4164 1014 4221 αΰτὸ
1057 4164 1114 4225 ἐξ
1161 4166 1422 4241 ἄρχοντος
1469 4170 1561 4221 καὶ
1614 4167 1933 4241 ἀρχομένων
1971 4164 2304 4222 συνεστάναι
2342 4168 2519 4233 (Stob.
2560 4168 2675 4221 Ecl.
2716 4168 2743 4219 Ι
2779 4170 2925 4236 836).

625 4306 632 4313 ·
753 4275 800 4321 ’δ
838 4273 1174 4341 Quamquam
1214 4274 1310 4328 alii
1350 4273 1525 4329 Stoici
1562 4273 1767 4329 mentis
1814 4274 1996 4329 sedem
2050 4274 2108 4329 in
2144 4280 2364 4343 pectore
2410 4288 2529 4333 esse
2582 4274 2927 4349 cogitabant,

577 4362 645 4422 ct.
697 4362 873 4423 Zeller
919 4362 1124 4422 Philos.
1173 4363 1222 4415 d.
1272 4362 1363 4423 Gr.
1418 4362 1549 4436 111⁸,
1589 4364 1640 4429 1,
1676 4378 1728 4438 p.
1772 4364 1890 4423 137,
