3425 5167
1394 473 1837 535 -61—

443 650 724 733 scriptor
791 650 944 716 inde
1005 670 1042 714 a
1108 667 1243 732 cap.
1291 650 1384 714 IV
1447 653 1530 731 (p.
1583 648 1737 733 184)
1792 650 1874 716 ad
1930 651 2221 732 singulas
2278 649 2513 732 pedum
2581 650 2819 731 partes:

445 758 909 824 describendas
968 762 1281 838 transeat,
1337 758 1404 821 in
1463 758 1729 823 exordio
1777 756 1855 840 (c.
1902 757 2128 822 I-III
2177 776 2372 839 =·p.
2422 754 2821 840 168--184)·

443 864 729 931 ostendit
759 864 973 929 omnia
1003 864 1308 929 animalia
1340 865 1611 944 pedibus
1643 865 1737 930 ita
1775 866 2095 930 instructa
2134 882 2300 946 esse,
2336 873 2408 929 ut
2444 863 2803 945 perfectius

442 972 608 1037 nihil
639 972 996 1055 excogitari
1046 979 1282 1053 posset.
1374 972 1452 1036 In
1498 972 1623 1037 hac
1659 972 2067 1051 expositione
2100 956 2388 1037 Galenus
2438 970 2802 1036 Stoicorum

445 1080 700 1159 placita'
745 1085 1009 1143 secutus
1069 1078 1239 1143 haud
1298 1097 1445 1144 raro
1492 1096 1635 1143 cum
1686 1078 2069 1157 quibusdam
2116 1079 2447 1143 Lactantii
2495 1079 2601 1144 vel
2646 1079 2799 1143 Am-

443 1186 644 1252 brosii
701 1186 861 1250 locis
917 1184 998 1249 ad
1056 1186 1326 1250 eandem
1387 1186 1793 1265 disciplinam
1850 1187 2327 1267 pertinentibus
2377 1194 2602 1267 aperte
2654 1204 2800 1250 con-

445 1292 662 1358 sentit.
739 1290 918 1374 Quae
965 1292 1140 1364 ratio,
1178 1299 1250 1356 ut
1295 1292 1532 1357 clarius
1579 1293 2040 1373 perspiciatur,
2084 1292 2429 1357 sententiis
2469 1311 2508 1357 a
2550 1289 2821 1357 Galerio

444 1399 714 1479 prolatis
738 1399 1061 1463 Lactantii
1097 1400 1204 1464 vel
1236 1399 1559 1464 Ambrosii
1589 1400 1767 1464 locos
1799 1398 2044 1464 similes
2070 1400 2291 1464 statim
2323 1398 2685 1479 adiungam.
2718 1433 2799 1443 -—

623 1506 900 1571 Ineunte
945 1506 1112 1571 libro
1159 1506 1261 1571 III
1310 1506 1601 1572 Galenus
1647 1506 1801 1571 inde
1849 1505 2296 1587 proficiscitur,
2355 1505 2522 1584 quod
2574 1524 2801 1582 manus

445 1614 568 1678 soli
631 1613 896 1677 animali
955 1613 1209 1679 ratione
1271 1613 1566 1693 praedito
1638 1613 1986 1679 convenire
2045 1612 2204 1678 dicit
2262 1610 2478 1695 (168)=
2548 1619 2824 1693 ,,χεῑρας·

447 1717 572 1804 μὲν
617 1716 692 1805 δὴ
734 1714 933 1797 μόνος
979 1712 1298 1780 ἁπάντων
1328 1716 1501 1802 ζῴων
1535 1715 1890 1798 ἄνθρωπος
1923 1714 2131 1799 ἔσχεν,
2180 1715 2421 1797 ὄργανα
2456 1722 2802 1799 πρέποντα

445 1820 580 1910 ζῴῳ
643 1828 849 1909 σοφῷ·
928 1826 1167 1887 δίπουν
1215 1820 1452 1889 δἀὐτὸ
1517 1822 1719 1906 μόνον
1784 1821 1853 1887 ἐν
1916 1814 2051 1896 ’τοῖς
2110 1820 2327 1898 πεζοῖς
2392 1822 2645 1904 ἐγένετο
2692 1826 2803 1887 καὶ

448 1928 669 2018 ὀρθόν,
719 1925 820 1995 ὅτι
867 1940 1084 2018 χεῖρας
1131 1931 1293 2012 ἔσχε.
1381 1933 1674 2000 Galenus
1734 1935 1938 2016 igitur
1983 1939 2209 1999 censet
2254 1950 2501 2014 manuS,
2568 1934 2803 2013 quibus

447 2060 670 2107 omnes
718 2040 1080 2106 animantes
1137 2042 1559 2108 inrationales
1607 2048 1895 2124 careant,
1958 2041 2230 2106 rationis
2278 2047 2606 2119 tamquam
2654 2058 2803 2106 esse

445 2149 894 2213 instrumenta.
1006 2147 1300 2214 Eandem
1376 2149 1741 2229 opinionem
1805 2149 2189 2213 Lactantius
2253 2147 2579 2212 nonnullis
2642 2147 2823 2213 locis-

447 2256 847 2336 comprobat:
896 2274 946 2320 c.
997 2255 1123 2320 VII
1166 2254 1207 2317 8
1263 2256 1408 2331 „ubi
1457 2260 1675 2321 autem
1720 2256 1888 2321 ratio
1935 2260 2004 2321 et
2047 2274 2275 2319 manus
2324 2260 2445 2335 est,
2494 2261 2628 2319 tam
2674 2272 2805 2319 non

448 2367 552 2427 est
611 2362 674 2426 id
743 2363 1184 2429 necessarium
1245 2376 1434 2440 quam
1493 2361 1941 2427 indumentum
1988 2363 2287 2443 pilorum:
2354 2361 2513 2427 adeo
2574 2362 2638 2425 in
2688 2379 2825 2426 suo-

449 2485 743 2549 quaeque
804 2488 1050 2552 genere
1106 2470 1446 2549 ‚aptissime
1510 2478 1877 2551 congruunt
1934 2522 1945 2533 .
2014 2520 2026 2530 .
2088 2472 2143 2529 .“
2243 2488 2293 2533 c.
2339 2468 2405 2532 X
2454 2467 2537 2531 22
2609 2468 2803 2547 „quid

447 2577 656 2641 dicam
729 2575 811 2642 de
884 2577 1177 2643 manibus
1248 2577 1520 2643 rationis
1596 2596 1674 2642 ac
1742 2577 2103 2659 sapientiae
2174 2575 2540 2641 ministris?
2642 2591 2824 2655 quas-

446 2684 933 2750 sollertissimus
983 2685 1224 2762 artifex
1273 2737 1284 2748 .
1335 2736 1347 2748 .
1397 2732 1410 2746 .
1469 2685 1536 2749 in
1595 2685 1835 2767 digitos
1900 2683 2353 2749 terminavit?“
2450 2684 2807 2749 Praeterea

447 2789 735 2856 Galenus
782 2792 895 2856 illo
943 2792 1081 2856 loco
1141 2790 1301 2856 dicit
1347 2811 1425 2857 ea
1471 2792 1797 2872 animalia,
1863 2793 2095 2870 quibus
2144 2800 2374 2855 natura
2422 2808 2650 2854 manus
2698 2789 2806 2853 dc·

450 2898 640 2978 derit,
690 2897 953 2977 bipedia
1000 2903 1066 2960 et
1115 2904 1334 2961 erecta
1379 2898 1733 2962 constituta
1782 2916 1945 2963 esse.
2039 2896 2279 2961 Similis
2327 2898 2655 2985 sententia
2700 2914 2803 2959 oc-

449 3004 652 3068 currit
695 3003 866 3083 apud
916 3004 1326 3067 Lactantium
1384 3003 1450 3067 in
1501 3019 1635 3083 cap.
1686 3002 1852 3068 VIII
1886 3001 1925 3063 2
1990 3022 2167 3080 „cum
2217 3004 2421 3084 igitur
2466 3003 2811 3068 statuisset

450 3111 610 3176 deus
658 3129 742 3175 ex
789 3110 1085 3175 omnibus
1131 3110 1518 3175 animalibus
1566 3112 1772 3175 solum
1821 3110 2143 3176 hominem
2179 3110 2399 3175 facere
2430 3110 2805 3192 caelestem,

451 3196 674 3283 cetera
706 3208 1017 3283 universa
1047 3223 1327 3295 terrena,
1375 3218 1549 3282 hunc
1581 3218 1660 3283 ad
1689 3218 1853 3283 caeli
1882 3209 2491 3298 contemplationem
2524 3217 2807 3297 rigidum

449 3327 664 3391 erexit
725 3324 1153 3407 bipedemque
1215 3326 1552 3390 constituit
1607 3361 1622 3386 -.
1678 3327 1730 3388 .“
1830 3324 2075 3391 Eodem
2130 3330 2432 3405 spectant
2477 3324 2807 3389 Ambrosii

450 3434 651 3500 verba
715 3429 778 3517 (ξ
825 3429 939 3514 54)
1017 3430 1262 3508 „forma
1323 3432 1588 3496 humani
1651 3432 1939 3513 corporis
2002 3438 2103 3497 est
2160 3432 2524 3514 venustior,
2594 3438 2809 3498 status

452 3549 709 3607 erectus
756 3546 824 3605 et
871 3540 1157 3610 celsus.
1206 3589 1218 3601 .
1268 3535 1322 3599 .“
1728 3547 1732 3551 ⁴

629 3647 918 3713 Galenus
967 3646 1184 3728 pergit
1231 3643 1450 3728 (168);
1502 3697 1513 3709 .
1563 3697 1574 3709 .
1624 3698 1635 3709 .
1687 3640 1803 3706 ἐπὶ
1847 3643 1969 3723 μὲν
2015 3639 2267 3725 ἐλάφων
2314 3664 2385 3706 τε
2442 3644 2551 3706 καὶ
2598 3652 2809 3705 κυνῶν

453 3754 560 3815 καὶ
607 3752 836 3815 ἵππων
882 3752 992 3815 καὶ
1040 3761 1166 3813 τῶν
1215 3748 1424 3814 ἄλλων
1474 3751 1947 3836 παραπλησίων
1998 3745 2068 3812 τὰ
2106 3747 2405 3833 πρόσθια
2455 3749 2625 3812 κῶλα
2671 3757 2829 3819 τοῖς

453 3854 758 3927 ὄπισθεν,
788 3854 1168 3945 ὅμοιοσκελῆ
1219 3864 1454 3938 γέγονς,
1507 3862 1612 3920 καὶ
1653 3856 1839 3921 τοῦτ’
1874 3859 2095 3928 αὐτοῖς
2132 3856 2221 3928 εἰς
2268 3853 2460 3935 τοῖχος
2492 3855 2807 3919 συντελεῖ·

454 3960 786 4047 ἀνθρώπῳ
851 3964 921 4027 δὲ
981 4004 1068 4011 ——
1115 3963 1386 4045 ἄμεινον
1445 3951 1523 4049 ἦν
1570 3968 1794 4050 μακρῷ
1844 3959 1970 4045 πρὸ
2032 3970 2140 4048 τῆς
2189 3967 2509 4049 ὠκύτητος
2568 3960 2827 4043 ὄργανα

453 4078 630 4149 σχεῖν
680 4070 770 4140 εἰς
817 4066 1078 4142 ἁπάσας
1112 4072 1359 4151 ἰε-’χνος
1407 4073 1726 4151 α’ναγκαῐα
1786 4112 1853 4119 ---
1908 4067 1985 4133 τὰ
2038 4069 2337 4153 πρόσθια
2383 4069 2554 4132 κῶλα
2602 4077 2825 4151 χεῖρες·

455 4173 762 4257 ἐγένοντο.
857 4178 997 4261 Quo
1057 4182 1196 4245 loco
1261 4180 1548 4246 Galenus
1616 4181 1897 4244 ostendit
1958 4188 2263 4258 quattuor
2317 4178 2624 4243 membris
2680 4192 2814 4240 om-

452 4288 642 4353 nibus
677 4286 1064 4351 animalibus
1099 4306 1257 4367 opus
1290 4287 1509 4352 fuisse.
1589 4288 1943 4351 Discrimen
1988 4286 2051 4349 in
2094 4304 2167 4349 eo
2200 4290 2452 4350 tantum
2486 4290 2823 4365 constare,

451 4393 621 4472 quod
685 4393 1070 4458 animalibus
1141 4395 1411 4458 rationis
1475 4395 1855 4475 expertibus
1930 4393 2254 4456 anteriora
2338 4390 2815 4486 posterioribus
