3425 5167
1513 430 1602 441 -..
1695 393 1961 456 24..

560 574 999 655 intellegatur.
1091 574 1254 639 Nam
1302 592 1560 639 causam
1607 574 2054 655 principalem,
2112 594 2226 639 cur
2272 576 2609 641 cerebrum
2656 574 2919 639 mollius
2955 572 2983 589 ’”

559 680 798 745 factum
835 682 942 762 sit,
993 682 1247 747 omnino
1294 700 1422 747 non
1455 682 1741 764 attingit,
1793 700 1937 745 cum
1976 680 2263 747 Galenus
2296 691 2595 747 accurate
2628 686 2924 761 exponat

561 788 753 853 molle
817 790 1148 853 cerebrum
1216 789 1376 854 duro
1441 788 1698 853 facilius
1763 788 1944 855 affici
2006 794 2075 855 et
2139 790 2289 868 pati.
2382 790 2627 854 Tamen
2688 805 2914 853 conce·-

561 894 836 959 dendum
905 902 1010 960 est
1070 896 1480 960 Ambrosium
1545 896 1719 961 hunc
1780 897 2007 977 locum,
2074 896 2181 976 qui
2244 896 2412 975 apud
2477 894 2796 962 Galenum
2842 896 2915 959 in·

560 1003 1030 1067 sententiarum
1077 1020 1249 1067 nexu
1294 1020 1559 1083 prorsus
1593 1002 1806 1067 alieno
1853 1004 2151 1085 occurrit,
2200 1012 2333 1068 tam
2366 1003 2718 1068 artificiose
2765 1021 2914 1067 cum·

559 1108 828 1187 reliquis
861 1109 1121 1189 placitis
1155 1128 1190 1173 e
1225 1108 1474 1174 Galeno
1507 1110 1909 1191 depromptis
1947 1110 2361 1192 coniungere,
2409 1118 2479 1175 ut
2528 1110 2665 1175 eius
2705 1111 2919 1175 oratio

559 1216 820 1280 minime
861 1217 1205 1281 »salebrosa
1250 1216 1352 1281 sit.

739 1321 986 1403 Quibus
1005 1323 1331 1402 expeditis
1357 1324 1702 1404 plerosque
1734 1324 2060 1389 Ambrosii
2077 1324 2268 1399 locoS,
2290 1325 2397 1403 qui
2414 1325 2476 1387 in
2496 1324 2915 1407 paragrapho·

558 1426 641 1491 61
693 1428 1074 1493 eruditionis
1123 1431 1406 1509 speciem
1454 1449 1610 1511 prae
1659 1449 1731 1495 so
1791 1431 2027 1513 ferunt,
2099 1432 2177 1495 ad
2230 1430 2545 1497 Galenum
2582 1439 2909 1497 auctorem

557 1536 941 1601 rettulimus.
1035 1536 1242 1601 Unum
1305 1544 1553 1602 tantum
1613 1538 1823 1604 locum
1880 1538 2091 1603 adhuc
2147 1538 2718 1620 praetermisimus,
2776 1538 2917 1619 qui,

557 1643 721 1723 quod
769 1642 1260 1708 fundamentum
1307 1650 1409 1709 est
1441 1643 1674 1710 Galeni
1725 1645 1805 1709 de
1836 1664 2103 1725 corpore
2148 1646 2427 1710 humano
2460 1645 2797 1726 opinionis,
2841 1646 2914 1709 ins
2972 1721 2980 1728 ‚

555 1750 852 1831 plurimis
919 1751 1058 1815 eius
1124 1752 1428 1829 operibus
1490 1752 1711 1833 magni
1778 1753 2083 1817 momenti
2146 1758 2265 1818 est.
2324 1788 2391 1797 —
2464 1751 2673 1833 Supra
2734 1752 2913 1820 enim

555 1857 835 1922 vidimus
868 1856 1187 1923 Galenum
1237 1868 1677 1941 quaerentem,
1727 1878 1841 1924 cur
1888 1866 2083 1941 caput
2122 1859 2362 1924 factum
2412 1860 2517 1940 sit,
2567 1860 2718 1925 inde
2763 1878 2915 1941 pro--

553 1964 784 2046 ficisci‚
835 1964 996 2043 quod
1058 1966 1125 2029 in
1185 1966 1331 2029 aliis
1387 1966 1574 2032 libris
1633 1966 2213 2048 demonstraverat,
2272 1968 2522 2032 scilicet
2566 1970 2913 2034 cerebrum*

553 2072 830 2136 omnium
882 2057 1186 2136 Sensuum
1237 2068 1381 2137 esse
1431 2073 1834 2153 principium.
1930 2072 2136 2155 Quam
2192 2074 2583 2140 sententiam
2639 2074 2917 2141 ineunte

554 2180 766 2258 capito
815 2179 907 2241 IV
961 2200 1014 2261 p.
1068 2177 1197 2241 625
1245 2180 1348 2244 his
1401 2182 1616 2245 verbis
1681 2181 2014 2260 exprimit:
2069 2172 2291 2262 ’Ἀπερ
2354 2172 2472 2241 οὖν
2536 2176 2605 2242 ἐν
2666 2177 2918 2265 ἑτέροις·

555 2284 1040 2367 ἀποδέδεικται,
1119 2285 1552 2367 λαμβανέσθω
1615 2288 1725 2349 καὶ
1786 2295 1905 2348 νῦν
1972 2285 2062 2358 εἰς
2137 2288 2250 2348 τὸν
2330 2294 2626 2370 παρόντα
2702 2288 2905 2367 λόγον,

556 2390 1014 2455 ἀποδέδεικται
1061 2391 1128 2455 δὲ
1180 2388 1251 2453 ἐν
1297 2400 1429 2463 τοῖς
1475 2395 1632 2477 περὶ
1679 2403 1808 2455 τῶν
1854 2387 2345 2478 Ἱπποκράτους
2402 2395 2511 2457 καὶ
2560 2395 2917 2467 Πλάτωνος

549 2500 902 2581 δογμάτων,
965 2497 1166 2586 ἀρχὴν
1219 2498 1344 2579 μὲν
1390 2504 1636 2581 νεύρων
1695 2501 1803 2562 καὶ
1852 2505 2195 2586 συμπάσης
2259 2498 2617 2589 αἰσθήσεώς
2680 2523 2750 2564 τε
2796 2504 2907 2564 καὶ

549 2612 661 2694 τῆς
707 2606 872 2669 κατὰ
934 2612 1312 2691 προαίρεσιν
1368 2608 1672 2694 κινήσεως
1728 2608 1842 2669 τὸν
1890 2602 2241 2689 ἐγκέφαλον
2286 2610 2641 2693 ὑπάρχειν,
2707 2595 2915 2698 ἀρχὴν

551 2712 622 2775 δὲ
648 2711 965 2799 ἀρτηριῶν
1001 2714 1110 2775 καὶ
1133 2719 1246 2801 τῆς
1278 2709 1568 2796 ἐμφύτου
1601 2717 1964 2799 θερμασίας
1986 2713 2103 2803 τὴν
2127 2717 2415 2800 καρδίαν,
2452 2718 2562 2783 ubi
2596 2718 2906 2801 GalenuS,

549 2823 606 2887 si
661 2823 783 2887 hoc
831 2822 1065 2903 dogma
1111 2824 1434 2903 integrum
1480 2822 1857 2905 attulisset,
1887 2825 2066 2889 iocur
2112 2822 2363 2888 initium
2400 2842 2715 2891 venarum·
2757 2845 2909 2892 esse

549 2928 926 2993 addidisset.
1039 2928 1164 2993 Sed
1231 2929 1354 2995 hoc
1421 2947 1921 2996 commemorare
1992 2932 2381 3011 supersedit,
2454 2932 2621 3012 quod
2684 2952 2903 3016 super·

546 3055 819 3102 vacuum
885 3035 1012 3100 fuit
1073 3036 1152 3101 ad
1220 3036 1787 3102 demonstrandam
1866 3056 2002 3103 rem
2069 3039 2483 3120 propositam.
2548 3078 2619 3085 —-
2694 3042 2913 3107 Recte

547 3144 838 3219 Galenus
899 3144 1058 3210 dicit
1105 3164 1176 3211 se
1231 3146 1299 3209 in
1348 3145 1532 3210 libris
1591 3144 1672 3210 de
1720 3145 2137 3226 Hippocratis
2186 3152 2254 3211 et
2299 3147 2593 3213 Platonis
2642 3149 2911 3227 placitis

548 3252 629 3318 de
691 3252 823 3316 illis
885 3252 1096 3316 tribus
1155 3252 1493 3332 principiis
1551 3251 1790 3334 egisse,
1853 3272 2003 3317 nam
2049 3254 2510 3320 verbosissime
2572 3262 2640 3319 et
2694 3256 2910 3335 copio-

549 3358 806 3442 sissime
872 3358 995 3424 hoc
1058 3358 1294 3439 dogma
1355 3366 1582 3423 contra
1651 3361 1886 3424 multos
1953 3361 2363 3425 adversarios
2431 3359 2741 3442 defendit,
2811 3363 2909 3426 in-

547 3466 775 3549 primis
795 3470 1019 3531 contra
1042 3466 1464 3531 Aristotelem
1481 3464 1530 3549 1)
1557 3466 2181 3547 Peripateticosque,
2216 3473 2443 3531 contra
2468 3466 2903 3548 Chrysippum

550 3572 946 3656 Stoicosque,
998 3574 1106 3653 qui
1139 3592 1249 3639 cor
1285 3592 1597 3639 venarum
1645 3585 1712 3640 et
1757 3592 2100 3640 nervorum
2134 3573 2447 3655 originem
2483 3591 2629 3637 esse
2661 3577 2905 3638 statue-

551 3677 790 3764 bant2).
885 3680 1108 3760 Neque
1155 3681 1367 3746 minus
1414 3682 1779 3763 Platonem,
1828 3681 1938 3760 qui
1983 3680 2327 3762 ignorabat
2384 3696 2617 3745 nervos
2643 3680 2901 3747 ,instrue

549 3794 769 3853 menta
801 3806 948 3853 esse
981 3805 1282 3853 sensuum
1321 3796 1388 3853 et
1419 3788 1824 3853 voluntariae
1857 3786 2298 3852 commotionis
2311 3784 2383 3869 ⁸),
2418 3786 2528 3866 qui
2558 3797 2907 3879 praetcrea

729 3961 770 4029 1)
810 3964 876 4015 ci.
916 3961 980 4015 ed
1039 3962 1203 4014 Kiibn
1241 3961 1335 4015 vol
1394 3962 1439 4013 V
1479 3980 1526 4029 p.
1577 3965 1690 4028 187,
1732 3964 1853 4025 ⁶200,
1892 3962 1997 4012 206
2036 3961 2103 4015 al.

729 4052 772 4119 ²)
811 4050 916 4106 vol.
955 4051 1034 4105 IV
1072 4068 1120 4119 p.
1161 4053 1279 4102 674.
1349 4054 1416 4105 Τί
1460 4052 1584 4107 ποτ’
1635 4044 1735 4105 οὗν
1788 4049 1938 4109 ἔδοξε
1987 4054 2293 4125 Χρυσίππῳ
2339 4053 2433 4105 καὶ
2473 4050 2653 4112 ἄλλοις
2684 4055 2916 4113 πολλοῖς

550 4140 864 4211 φιλοσόφοις
887 4142 1151 4202 Στωϊκοῖς
1191 4160 1251 4196 τε
1288 4144 1383 4195 καί
1421 4144 1883 4216 Περιπατητικοῖς
1909 4138 2310 4212 ἀποφήνασθαι
2333 4143 2461 4215 περὶ
2500 4144 2727 4216 καρδίας
2748 4142 2819 4203 ὥς
2846 4184 2859 4197 .
2886 4162 2905 4197 ·-.

549 4239 623 4303 τῷ
657 4231 878 4305 πρώτως
915 4232 1308 4286 διαπλασθέντι
1350 4233 1444 4285 καὶ
1470 4234 1679 4303 φλεβῶν
1705 4233 1801 4285 καὶ
1842 4228 2052 4302 νεύρων
2080 4230 2390 4303 ἀναγκαῖον
2415 4228 2683 4303 ὖπι’ρχειν
2710 4229 2919 4305 ἀρχήν..

729 4324 772 4390 ³)
810 4321 878 4377 cf.
917 4320 1188 4375 Susemihl
1228 4320 1689 4390 „Entwiekelung
1727 4322 1775 4373 d.
1818 4321 2037 4375 Platon.
2082 4321 2250 4376 Phil.“
2294 4320 2349 4373 Π
2389 4323 2509 4371 418.
