3425 5167
1531 481 1794 545 -36
1887 514 1981 526 .-.

447 720 454 726 .
571 663 765 729 lando
827 633 1059 740 ornatu
1119 661 1396 727 oratorio
1461 658 1917 727 elaboraverit.
2010 659 2235 723 Priore
2299 660 2437 725 loco
2500 656 2562 742 (ξ
2610 656 2738 737 66),
2805 676 2931 735 quo

571 770 886 835 Basilium
952 774 1213 834 secutus
1271 769 1352 834 de
1413 768 1700 835 dentium
1752 765 1982 831 officiis
2033 765 2340 847 disputat,
2403 766 2598 829 huius
2644 766 2927 829 auctoris

565 895 931 943 sermonem
1001 874 1342 940 aridiorem
1412 875 1670 956 poetica
1743 873 2025 937 dictione
2097 872 2425 952 „dentium
2490 872 2769 937 vallum“
2842 890 2927 935 ox

570 984 846 1065 Apuleio
893 983 1097 1048 accita
1142 983 1468 1064 perpolire
1517 982 1755 1047 studet.
1833 981 1913 1044 In
1958 999 2216 1061 paragr.
2266 979 2350 1043 68
2397 978 2593 1045 valde
2640 979 2928 1044 delectat

567 1092 945 1170 observare,
1026 1109 1215 1169 quam
1286 1089 1623 1171 ingeniose
1688 1088 2087 1162 Ambrosius
2134 1087 2373 1167 Apulei
2439 1086 2660 1152 verbis
2728 1085 2922 1150 alium

567 1216 832 1263 sensum
875 1198 1305 1279 substituerit,
1357 1198 1465 1278 qui
1511 1197 1572 1261 ei
1615 1203 1684 1261 ut
1720 1195 2088 1259 Christiano
2113 1195 2412 1277 scriptori
2444 1194 2651 1277 magis
2685 1193 2925 1258 arrisit.

567 1306 883 1386 Apuleius
941 1306 1130 1385 enim,
1193 1324 1382 1384 quem
1429 1304 1670 1380 formas
1738 1302 2170 1369 deminutivas
2218 1302 2507 1368 studiose
2554 1302 2923 1381 frequenta·
3015 1353 3019 1357 .

571 1412 749 1477 visse
787 1410 1130 1491 constat1)‚
1181 1412 1383 1477 osculi
1417 1430 1638 1477 vocem
1685 1429 1799 1490 pro
1834 1428 2033 1490 parvo
2066 1427 2176 1474 ore
2209 1410 2493 1485 exhibet,
2541 1408 2923 1473 Ambrosius

564 1523 783 1583 autem
847 1518 1018 1583 idem
1094 1519 1472 1584 vocabulum
1524 1522 1653 1599 ‘pro
1704 1518 1908 1582 .basio
1978 1518 2275 1595 accipere
2337 1517 2593 1596 maluit,
2665 1521 2737 1580 ut
2800 1514 2923 1580 1100

565 1624 830 1705 pietatis
863 1624 1113 1705 signum
1153 1625 1418 1691 laudare
1444 1633 1511 1691 et
1537 1626 1715 1690 illam
1742 1625 1821 1690 de
1847 1625 1893 1689 J
1898 1624 2062 1689 udae
2098 1624 2458 1705 proditione
2483 1624 2915 1687 narrationem

564 1732 924 1813 adiungere
972 1739 1208 1811 posset.

744 1838 1100 1904 Praeterea
1129 1840 1291 1903 illud
1329 1839 1948 1919 ,‚promptuarium“‚
1984 1838 2149 1918 quod
2189 1838 2573 1905 vocabulum
2606 1837 2920 1919 Apuleius

562 1944 846 2011 novandi
894 1946 1252 2027 cupiditate
1285 1946 1516 2012 ductus
1550 1948 1793 2027 primus
1836 1947 2131 2012 absolute
2167 1946 2507 2025 usurpavit
2522 1945 2591 2029 ²),
2640 1948 2921 2011 testatur

563 2072 757 2132 quam
804 2053 1035 2118 bonam
1071 2054 1472 2133 Apuleianae
1507 2054 1887 2119 elocutionis
1922 2052 2210 2136 effigiem
2241 2054 2566 2139 Ambrosii
2599 2057 2919 2117 tractatus

562 2161 892 2239 praebeat.
945 2196 1034 2203 —-
2934 2166 2941 2173 “

741 2266 888 2331 Toti
934 2268 1376 2349 disputationi,
1435 2287 1623 2347 quam
1672 2268 1901 2334 habuit
1947 2268 2027 2333 de
2080 2268 2312 2349 capitis
2359 2266 2597 2349 indole,
2646 2268 2917 2333 Ambro-

559 2374 698 2438 sius
744 2373 945 2438 finem
992 2374 1154 2440 facit
1206 2376 1308 2439 his
1356 2375 1577 2441 verbis
1641 2374 1803 2455 (68):
1876 2375 2311 2451 „absolvimus
2357 2374 2542 2441 velut
2597 2373 2918 2454 quandam

563 2480 826 2545 humani
888 2482 1174 2561 corporis
1235 2482 1530 2563 regiam
1581 2534 1592 2545 .
1643 2534 1655 2545 .
1705 2480 1759 2545 .“
1845 2501 1969 2561 qua
2022 2482 2268 2565 insigni
2326 2486 2518 2561 atque
2575 2481 2916 2561 splendida

556 2579 1072 2666 comparatione
1106 2588 1216 2653 ille
1281 2606 1438 2653 sane
1487 2589 1805 2654 ‘lubenter
1862 2608 2045 2654 suam
2104 2589 2541 2654 narrationem
2600 2588 2913 2655 distinxit.

547 2692 690 2757 ‘Sed
739 2695 806 2757 111
853 2694 976 2759 hac
1024 2714 1273 2775 quoque
1317 2713 1390 2760 re
1439 2714 1518 2761 ex
1569 2695 1843 2776 Apuleio
1892 2696 2153 2777 pendet,
2202 2696 2311 2775 qui
2359 2696 2518 2761 dicit
2562 2693 2640 2781 (c.
2688 2694 2913 2781 XIII):

564 2801 720 2877 „sed
799 2802 1346 2884 machinamenta,
1428 2804 1659 2884 quibus
1726 2803 1808 2867 ad
1882 2803 2260 2869 sentiendas
2331 2809 2400 2869 et
2469 2803 2913 2868 diiudicandas

555 2908 908 2988 qualitates
971 2926 1201 2975 sensus
1248 2910 1549 2975 instructi
1599 2916 1771 2993 sunt,
1834 2910 2083 2975 ibidem
2132 2928 2291 2991 erga
2334 2896 2628 2991 regiam
2679 2910 2913 2991 capitis

552 3010 910 3091 constituta
955 3033 1099 3081 esse
1148 3040 1170 3079 .<
1211 3015 1230 3079 ‚³
1273 3066 1286 3080 .
1337 3018 1390 3079 .“

578 3186 585 3189 ,
734 3121 812 3185 In
843 3124 1135 3203 proxima
1165 3126 1573 3205 paragrapho
1606 3123 1746 3208 (69)
1793 3126 2175 3191 Ambrosius
2224 3125 2301 3189 ad
2350 3145 2650 3190 manuum
2698 3126 2914 3191 officia

554 3206 941 3307 explicanda
998 3248 1384 3313 progressus
1444 3230 1732 3296 deflectit
1794 3233 1876 3295 ab
1937 3233 2409 3314 Apule10,qui
2474 3234 2553 3299 de
2616 3234 2914 3299 manibus

493 3377 497 3381 -
553 3336 814 3400 omnino
873 3353 1000 3403 non
1058 3336 1355 3417 loquitur
1451 3336 1579 3402 Sed
1636 3338 1704 3403 in
1754 3357 2009 3421 paragr.
2048 3337 2133 3401 70
2165 3340 2244 3405 de
2293 3340 2703 3419 pulmonibus
2753 3342 2910 3405 scri-

555 3447 783 3519 pturus
831 3442 1039 3506 denuo
1072 3443 1168 3506 ad
1199 3444 1420 3510 1111110
1445 3452 1773 3518 auctorem
1836 3464 1907 3511 se
1975 3446 2279 3526 applicat,
2360 3447 2511 3523 quin
2584 3448 2780 3511 etiam
2841 3449 2910 3511 in

421 3566 426 3570 ’
550 3548 890 3626 sequenti
913 3552 1321 3615 enarratione
1387 3553 1662 3649 eundem
1714 3572 1942 3619 rerum
2010 3552 2299 3616 ordinem
2365 3558 2600 3616 servat.
2726 3552 2909 3633 Quod

488 3654 494 3677 ²
554 3653 868 3734 Apuleius
929 3655 1090 3735 ipse
1139 3640 1472 3738 Platonem
1537 3641 1798 3746 secutus
1878 3660 1957 3724 de
2035 3658 2445 3737 pulmonibus
2520 3657 2905 3740 disputavit,

552 3761 828 3840 primum
876 3762 1066 3827 huius
1125 3766 1406 3830 auctoris
1453 3744 1660 3831 locum
1720 3765 2135 3845 compilatum
2193 3762 2559 3844 afferamuS‚
2618 3771 2690 3830 ut
2744 3784 2908 3845 quae

551 3867 718 3955 ratio
773 3868 962 3947 inter
1031 3870 1371 3935 Platonem
1432 3878 1500 3935 et
1561 3872 1973 3937 Ambrosium
2038 3871 2403 3935 intercedat
2457 3873 2907 3952 perspiciatur.

551 3973 761 4038 Plato=
801 3973 868 4037 in
927 3975 1089 4038 Tim.
1142 3996 1204 4056 p.
1256 3974 1394 4039 700
1447 3977 1526 4041 de
1583 3979 1995 4057 pulmonibus
2058 3980 2226 4041 hanc
2289 3980 2680 4043 sententiam
2747 3983 2908 4045 satis
2984 4049 2987 4050 ⁷

551 4080 781 4144 miram
827 4080 1099 4176 protert:
1149 4085 1230 4167 τῇ
1274 4080 1466 4177 dedi]
1517 4083 1791 4170 πηδήσει
1838 4089 1948 4171 τῆς
1995 4084 2258 4167 καρδίας
2292 4078 2362 4144 ἐν
2409 4088 2489 4170 τῇ
2520 4095 2645 4147 τῶν
2677 4088 2908 4149 δεινῶν

739 4298 779 4366 1)
819 4298 885 4350 cf.
926 4296 1139 4363 Koziol‚
1184 4267 1323 4365 „ner
1361 4299 1469 4353 stu
1505 4300 1600 4353 des
1643 4299 1956 4365 Apuleius“‚
1996 4300 2229 4354 vindob.
2276 4305 2426 4365 1852,
2467 4318 2515 4366 p.
2556 4302 2660 4350 260
2698 4316 2812 4365 sqq.

724 4406 770 4470 2)
811 4404 1021 4458 Koziol.
1064 4404 1099 4457 1.
1141 4421 1185 4457 c.
1227 4422 1275 4471 p.
1317 4408 1439 4461 303.
