3425 5167
1559 498 1962 561 -6-

765 676 946 760 Quae
1005 695 1150 742 cum
1212 676 1306 742 ita
1372 676 1539 759 sint,
1610 676 1725 742 vix
1787 675 2103 741 credibile
2165 678 2269 741 est
2328 693 2475 740 eum
2536 675 2605 739 in
2669 675 2937 757 Origine

585 784 1066 866 Hippolytoque
1129 782 1463 848 imitandis
1524 783 1618 847 ita
1676 785 2010 850 versatum
2074 798 2221 848 esse
2283 788 2355 847 ut
2419 800 2496 847 ex
2557 782 2937 865 Hieronymi

583 891 804 957 verbis
866 890 1086 973 colligi
1148 890 1365 956 debet.
1456 889 1660 955 Immo
1706 907 1863 955 vero
1924 907 2042 970 pro
2110 893 2286 955 certo
2348 887 2658 953 affirmari
2723 896 2939 969 potest

583 997 998 1063 Ambrosium
1057 998 1176 1061 hos
1237 1001 1536 1062 auctores
1597 996 1810 1061 rarius
1873 995 2243 1075 respexisse
2299 1013 2646 1075 eorumque
2694 996 2938 1075 scripta

581 1105 676 1169 ita
721 1103 1119 1185 adhibuisse,
1179 1109 1250 1168 ut
1295 1103 1624 1179 nonnulla,
1691 1120 1856 1181 quae
1902 1102 2055 1168 inde
2102 1101 2339 1182 hausit,
2402 1101 2467 1165 in
2518 1101 2747 1167 Basilii
2794 1121 2937 1167 sen-

585 1210 935 1278 tentiarum
984 1229 1188 1275 nexus
1235 1210 1559 1275 intexeret
1586 1207 1646 1293 ¹).
1742 1208 1949 1273 Simili
1983 1209 2169 1273 modo
2202 1209 2439 1274 ceteris
2472 1226 2745 1290 quoque,
2780 1226 2937 1288 quos

583 1316 764 1399 adiit,
814 1317 1208 1399 auctoribuS,
1257 1317 1462 1382 veluti
1493 1316 1790 1398 Philone,
1827 1314 2156 1397 Sallustio,
2193 1314 2516 1397 Cicerone,
2549 1315 2841 1397 Vergilio
2863 1314 2937 1398 ³),

583 1442 738 1490 usus
800 1431 921 1506 est,
980 1425 1151 1489 unde
1209 1422 1653 1505 intellegimus
1711 1441 1905 1502 quam
1954 1422 2203 1502 peritus
2247 1422 2614 1488 litterarum
2662 1421 2939 1490 Graeca·

583 1551 726 1596 rum
774 1535 841 1597 et
891 1532 1266 1596 Latinarum
1315 1530 1656 1610 episcopus
1704 1528 1920 1596 fuerit.

797 1639 1153 1704 Praeterea
1216 1637 1344 1702 alia
1407 1654 1657 1716 quoque
1720 1654 1827 1701 res
1902 1638 2283 1704 documento
2360 1643 2463 1703 est
2530 1637 2941 1702 Ambrosium

583 1744 845 1810 minime
909 1745 1106 1809 solius
1172 1743 1400 1828 Basilii
1447 1744 1732 1825 vestigia
1798 1744 2137 1825 pressisse.
2238 1744 2425 1810 Viros
2487 1744 2707 1809 doctos
2770 1745 2941 1809 enim

583 1871 709 1918 non
759 1850 992 1935 effugit
1035 1851 1104 1915 in
1151 1850 1318 1916 libro
1367 1857 1550 1917 sexto
1597 1852 1963 1916 continuam
2029 1869 2244 1916 rerum
2303 1852 2781 1916 enarrationem
2837 1870 2942 1917 ex-

587 1963 787 2040 stare,
835 1959 904 2023 in
951 1978 1076 2039 qua
1123 1976 1328 2037 pauca
1373 1962 1628 2022 tantum
1675 1957 2014 2023 Basiliana
2059 1957 2495 2024 inveniuntur.
2542 1957 2618 2021 In
2653 1962 2944 2023 extrema

583 2066 758 2133 enim
806 2066 960 2131 libri
1007 2070 1193 2147 parte
1244 2065 1670 2143 AmbrosiuS„
1709 2070 2055 2146 postquam
2103 2066 2182 2130 de
2231 2064 2515 2131 ferarum
2562 2066 2944 2133 bestiarum-

586 2191 712 2253 que
771 2178 1006 2237 natura
1070 2171 1209 2254 egit
1269 2179 1337 2235 et
1384 2172 1696 2253 homineS,
1763 2178 1835 2237 ut
1897 2172 2022 2238 sibi
2072 2171 2523 2256 adtenderent,
2593 2174 2943 2239 moralibus

584 2279 1149 2345 adhortationibus
1213 2278 1565 2361 admonuit,
1644 2280 1727 2344 ad
1789 2279 2260 2346 describendas
2322 2282 2610 2362 corporis
2680 2282 2944 2346 humani

585 2391 810 2469 partes
859 2405 930 2452 se
978 2385 1299 2451 convertit
1355 2385 1424 2449 in
1472 2385 1773 2468 ingressu
1833 2386 1937 2452 his
1984 2388 2210 2453 verbis
2267 2407 2421 2454 usus
2441 2387 2516 2468 ⁸):
2593 2386 2761 2469 „Sed
2817 2390 2945 2453 iam

590 2494 670 2560 de
717 2494 859 2574 ipso
909 2494 1123 2571 aliqua
1172 2492 1446 2557 dicenda
1493 2501 1648 2559 sunt
1696 2513 1966 2575 corpore
2016 2495 2354 2560 hominiS.“
2426 2496 2680 2561 Deinde
2710 2496 2947 2561 transit

582 2600 669 2665 ad
717 2599 1123 2665 tractandam
1171 2617 1309 2664 rem
1356 2601 1756 2680 propositam
1804 2607 1872 2666 et
1919 2603 2183 2682 saepius
2231 2603 2514 2682 optimae
2562 2602 2946 2667 eruditionis

587 2708 856 2784 praebet
920 2707 1290 2787 specimina.
1385 2706 1512 2771 Sed
1574 2725 1719 2771 cum
1783 2707 2057 2771 Kellner
2073 2708 2124 2789 4)
2188 2707 2338 2773 inde
2386 2709 2730 2774 concludat
2774 2708 2945 2772 hunc

583 2818 939 2879 tractatum
970 2813 1414 2879 testimonium
1447 2831 1593 2879 esse
1626 2813 1902 2879 eximiae
1936 2814 2273 2895 scriptoris
2308 2815 2698 2879 naturalium
2729 2832 2943 2879 rerum

580 2920 926 3003 scientiae,
977 2939 1098 3003 ego
1147 2920 1406 3001 quidem
1442 2939 1671 2987 vereor
1718 2940 1801 2987 ne
1832 2920 1955 2985 hoc
1988 2940 2214 2987 verum
2248 2940 2373 2987 non
2408 2921 2512 2986 sit.
2558 2920 2721 2985 Rem
2755 2920 2946 2985 aliter

581 3046 654 3094 se
715 3028 961 3095 habere
1008 3029 1116 3095 vel
1174 3029 1378 3109 ipsius
1428 3027 1755 3094 Ambrosii
1802 3030 2005 3095 verba
2066 3029 2318 3110 docent,
2389 3028 2495 3107 qui
2545 3028 2751 3094 libere
2799 3047 2944 3093 con-

587 3134 812 3203 fitetur
858 3155 930 3202 se
978 3142 1305 3215 tamquam
1351 3135 1681 3200 indoctum
1730 3135 1810 3199 ad
1860 3135 2028 3199 hanc
2079 3135 2417 3201 materiam
2450 3135 2947 3201 describendam

587 3262 968 3325 aggressum
1031 3261 1179 3307 esse
1195 3248 1260 3323 5).
1357 3242 1586 3320 Itaque
1641 3241 2041 3322 probabilius
2104 3247 2207 3307 est
2262 3243 2645 3322 scriptorem
2691 3242 2759 3306 in
2806 3243 2948 3321 ipsa

763 3471 806 3535 ¹)
850 3469 926 3523 De
970 3468 1109 3521 locis
1158 3466 1481 3533 quibusdam
1523 3482 1588 3521 ex
1626 3467 1856 3536 Origine
1896 3469 2233 3535 depromptis
2272 3470 2325 3522 cf
2378 3471 2701 3537 Foerster,
2706 3472 2947 3537 ,Ambro-

581 3557 713 3624 sius,
757 3557 974 3611 Bischof
1011 3573 1120 3612 von
1159 3556 1439 3611 Mailand“
1481 3557 1645 3611 Halle
1687 3560 1824 3609 1884
1864 3573 1897 3624 p
1943 3562 2040 3609 115
2083 3574 2161 3625 sq.
2235 3560 2316 3614 De
2340 3560 2643 3628 Hippolyto
2673 3558 2948 3614 Ambrosii

587 3652 810 3701 auctore
848 3648 915 3701 cf.
955 3646 1192 3701 Schenkl
1231 3645 1400 3713 praef
1444 3662 1494 3711 p.
1534 3646 1680 3699 XIV.

764 3738 805 3803 ²)
847 3736 926 3791 De
963 3735 1252 3789 Ambrosio
1280 3734 1514 3803 Vergilii
1559 3734 1842 3789 imitatore
1880 3736 1946 3790 cf.
1989 3736 2123 3801 Ihm,
2166 3738 2367 3793 Studia
2405 3738 2774 3792 Ambrosiana
2808 3740 2949 3792 Ann.

591 3822 726 3891 phil.
766 3825 934 3891 suppl.
977 3823 1139 3878 XVII
1177 3826 1363 3891 (1890)
1400 3841 1453 3890 p.
1493 3826 1560 3874 82
1600 3840 1718 3890 sqq.
2160 3846 2163 3851 ·

767 3910 810 3982 ⁸)
849 3913 885 3965 1.
926 3913 1005 3966 VI
1042 3912 1073 3982 ξ
1113 3915 1195 3963 54.

757 3999 804 4068 4)
845 4001 1094 4055 Kellner:
1156 4001 1266 4055 Der
1323 4001 1395 4054 hl.
1446 4003 1768 4057 Ambrosius
1818 4004 1901 4057 als
1947 4004 2211 4059 Erkliirer
2258 4006 2353 4061 des
2404 4006 2555 4060 alten
2605 4005 2951 4061 Testamenta

582 4090 958 4158 Regcnsburg
1007 4092 1144 4142 1893
1198 4108 1231 4157 p
1279 4094 1364 4143 83.
1440 4091 1676 4157 „Grosse
1726 4092 2070 4148 Kenntnisse
2117 4095 2273 4163 zeigt
2324 4110 2382 4150 er
2428 4095 2522 4149 auf
2560 4095 2683 4149 dem
2722 4094 2952 4149 Gebiete

596 4193 676 4235 ὡς
737 4178 1320 4241 Naturwissenschaft,
1362 4196 1489 4234 man
1528 4182 1651 4234 dart
1686 4182 1801 4236 fast
1838 4197 2029 4251 sagen,
2070 4183 2155 4239 ein
2190 4183 2677 4253 ungewiihnliches
2697 4184 2845 4237 Mass
2867 4226 2879 4238 .
2903 4224 2952 4237 ..

617 4270 834 4339 wenige
871 4270 1052 4325 seiner
1087 4270 1483 4338 Zeitgenossen
1521 4271 1747 4325 diirften
1784 4272 1890 4325 den
1929 4273 2330 4328 menschlichen
2369 4274 2725 4343 Organismus
2765 4288 2823 4327 so
2862 4287 2954 4341 ge-

596 4360 782 4413 kannt
819 4361 1050 4415 haben.“

761 4448 806 4512 ὃ)
845 4448 880 4497 1.
923 4449 1002 4502 VI
1040 4450 1071 4518 ξ
1113 4452 1204 4503 7οε
1280 4452 1416 4505 haec
1443 4452 1564 4505 ideo
1603 4452 1856 4507 strictim
1896 4454 2275 4521 percurrimus,
2326 4460 2392 4506 ut
2428 4459 2707 4516 tamquam
2748 4450 2935 4503 indoct
