3425 5167
1535 403 1981 467 ..-42—

564 583 742 651 locis
804 582 886 649 de
946 583 1174 651 eadem
1229 602 1303 651 re
1349 584 1614 650 diversa
1659 585 1912 651 ratione
1958 590 2208 667 ageret,
2268 592 2446 650 recte
2494 584 2649 649 illud
2700 584 2937 665 Apulei

568 690 950 770 *exemplum
995 691 1457 772 praetermisit.

763 799 888 864 Sed
953 798 1248 889 ultimum
1313 799 1545 880 capitis
1593 798 1753 863 XVI
1818 800 2222 863 enuntiatum
2288 799 2497 865 denuo
2563 799 2935 864 testimonio

569 911 707 986 -est,
757 924 948 986 quam
995 906 1286 971 studiose
1318 908 1698 971 Ambrosius
1748 907 2029 972 auctoris
2076 912 2427 972 tractatum
2458 906 2935 986 compilaverit.

585 1011 712 1078 Hic
775 1014 945 1078 enim
1009 1014 1277 1079 exhibet
1328 1031 1740 1095 „venarum
1790 1013 2089 1079 diversae
2138 1021 2291 1079 sunt
2338 1014 2697 1093 qualitatiS,
2748 1032 2937 1092 quas

586 1119 676 1183 ad
740 1122 1354 1201 procreandum
1415 1140 1451 1187 e
1514 1124 1875 1202 regione
1921 1115 2366 1186 cervicum
2414 1139 2567 1201 per
2623 1119 2940 1184 medullas

585 1245 866 1317 renum
915 1247 1387 1295 commeare
1435 1236 1505 1294 et
1551 1230 1887 1308 suscipi
1932 1229 2265 1310 inguinum
2317 1229 2455 1293 loco
2504 1235 2752 1293 certum
2800 1231 2941 1292 est3

571 1340 658 1401 -et
716 1333 1040 1421 pruritu1)
1105 1355 1505 1403 venarum
1569 1337 1969 1417 genitale
2016 1336 2470 1401 seminium
2517 1334 2941 1399 humanitatis

587 1441 831 1523 exire“,
916 1444 1027 1508 ubi
1092 1444 1408 1525 Apuleius
1495 1464 1533 1507 a
1611 1444 1911 1525 Platone,
2002 1443 2109 1524 qui
2182 1460 2403 1507 semen
2488 1442 2777 1523 genitale
2855 1459 2938 1506 ex

589 1549 874 1615 medulla
921 1550 1207 1617 dorsuali
1237 1551 1392 1616 oriri
1425 1552 1725 1633 opinatur
1742 1550 1815 1632 2),
1865 1551 2203 1632 digressus
2251 1556 2478 1631 aperte
2526 1568 2607 1613 ex
2652 1547 2940 1613 fontibus

591 1658 1060 1723 recentioribus
1122 1658 1357 1723 haurit.
1451 1659 1688 1739 Apulei
1737 1659 1965 1736 vlocum
2014 1658 2392 1722 Ambrosius
2454 1656 2577 1720 hoc
2638 1654 2825 1722 modo
2872 1655 2937 1719 in

576 1782 779 1831 ,suum
815 1769 1167 1830 tractatum
1199 1766 1542 1831 transfert:
1599 1767 1790 1845 „quid
1835 1766 1915 1831 de
1964 1765 2453 1835 genitalibus
2486 1762 2729 1842 loquar,
2780 1781 2947 1842 quae

591 1872 820 1938 venis
878 1891 913 1937 e
961 1874 1290 1955 regione
1338 1870 1686 1939 cervicis
1735 1894 1881 1954 per
1926 1892 2169 1939 renes
2217 1872 2595 1949 lumbosque
2643 1870 2943 1935 deductis

578 1980 1071 2059 :suscipiunt
1131 1982 1522 2061 genitale
1587 1982 2030 2046 seminium
2095 1981 2177 2044 ad
2240 1997 2470 2042 munus
2535 1985 2601 2042 ct
2670 1978 2949 2057 gratiam

597 2081 1191 2163 procreandi?“
1292 2083 1432 2148 Hoc
1493 2084 1697 2167 igitur
1754 2084 1893 2148 loco
1943 2084 2323 2149 Ambrosius
2387 2086 2479 2148 ita
2538 2086 2618 2149 ab
2677 2084 2950 2163 Apuleio

597 2189 868 2271 pendet,
918 2196 987 2254 ut
1031 2189 1174 2255 fere
1221 2192 1454 2271 omnia,
1508 2199 1576 2255 ct
1621 2210 1730 2257 res
1777 2198 1846 2256 et
1892 2192 2117 2271 verba,
2167 2190 2319 2255 inde
2368 2200 2639 2273 repetat.
2733 2182 2951 2255 Etiam

598 2296 758 2361 illud
814 2297 1230 2373 „seminium“
1288 2300 1658 2378 usurpavit,
1707 2298 1879 2378 quod
1925 2300 2337 2374 vocabulum,
2388 2300 2529 2364 sive
2574 2298 2952 2364 vetustioris

597 2404 863 2487 linguae
891 2405 1221 2485 specimen
1248 2406 1389 2469 sive
1415 2425 1496 2470 ex
1521 2407 1776 2488 vulgari
1799 2406 2104 2486 loquendi
2130 2425 2304 2471 more
2331 2404 2736 2488 desumptum
2764 2411 2867 2470 est
2882 2404 2954 2485 ⁸),

583 2513 859 2576 -omnino
906 2512 1226 2593 Apuleian
1239 2532 1340 2577 um
1391 2513 1647 2577 dicendi
1697 2532 1906 2595 genus
1954 2514 2143 2593 sapit.
2192 2550 2280 2558 —

1535 2726 2023 2792 Conclusio.

701 2928 712 2942 .
782 2852 1135 2945 {pstquam
1181 2851 1352 2917 hanc
1393 2852 1907 2931 disquisitionem
1942 2852 2020 2917 ad
2039 2852 2248 2919 ..finem
2282 2852 2720 2934 perduximuS,
2770 2852 2957 2919 brevi

585 2950 1157 3038 comprehendere
1246 2960 1482 3038 liceat,
1572 2978 1737 3038 quae
1814 2958 2024 3025 adhuc
2102 2960 2199 3026 de.
2259 2962 2588 3026 Ambrosii
2666 2960 2955 3026 fontibus

605 3064 980 3131 eruerimus.
1066 3065 1356 3130 Vidimus
1408 3067 1817 3131 Ambrosium
1862 3066 2004 3132 fere
2035 3085 2259 3133 omnes
2291 3088 2397 3133 res
2431 3070 2496 3133 in
2530 3067 2956 3150 paragraphis

607 3173 713 3254 57,
763 3170 870 3251 58,
917 3170 1050 3253 (66,
1099 3172 1230 3252 67,)
1277 3171 1382 3253 68,
1435 3170 1539 3255 70,
1591 3172 1694 3254 71,
1746 3172 1831 3235 73
1866 3179 2194 3245 ‚tractatas
2242 3194 2323 3241 ex
2355 3176 2591 3256 Apulei
2630 3176 2951 3254 capitibus

587 3279 1031 3346 ,XIII-XVI
1061 3280 1470 3360 repetivisse,
1521 3281 1669 3359 quin
1707 3281 1904 3345 etiam
1933 3300 2134 3363 saepe
2164 3283 2389 3348 eodem
2425 3283 2682 3347 dicendi
2713 3266 2957 3362 genere

607 3403 793 3451 usum
848 3404 996 3452 esse
1043 3394 1238 3467 atque
1285 3395 1628 3452 auctorem.
1723 3388 2029 3469 Inprimis
2077 3391 2137 3454 ei
2183 3390 2341 3469 loci,
2372 3476 2375 3479 ἡ
2412 3390 2645 3468 quibus
2695 3395 2957 3454 senten·

609 3492 845 3559 tiarum
892 3513 1091 3560 sensu
1137 3495 1437 3575 neglecto
1485 3496 1624 3565 sola
1671 3498 1874 3561 verba
1918 3497 2406 3575 locutionesque
2453 3496 2727 3575 arripuit
2774 3501 2842 3560 et
2886 3494 2955 3558 in

492 3632 507 3645 ·
592 3611 794 3667 suam
833 3602 1190 3668 orationem
1222 3603 1551 3683 inspersit,
1605 3604 1770 3669 bone
1803 3604 2052 3683 docent,
2105 3622 2293 3683 qnam
2329 3610 2469 3666 arte
2500 3617 2957 3679 nonnunquam

594 3708 692 3775 ad
751 3709 1032 3775 auctoris
1088 3728 1452 3774 sermonem
1507 3729 1579 3773 so
1636 3710 2068 3791 applicaverit
2122 3707 2349 3794 (voluti
2410 3711 2476 3771 in
2528 3725 2778 3789 paragr.
2828 3702 2957 3785 73).

613 3816 800 3881 Idem
849 3818 1168 3882 evincitur
1213 3835 1297 3882 cx
1345 3817 1783 3897 compluribus
1827 3816 2051 3883 verbis
2096 3826 2165 3881 et
2209 3815 2663 3881 vocabulorum
2712 3812 2959 3893 formis,

597 3943 782 4007 quae
861 3927 942 3989 ab
1019 3924 1390 3989 auctoribus
1467 3924 1750 4005 optimae
1828 3923 2207 3988 Latinitatis
2280 3922 2535 3987 alienae
2610 3928 2725 3987 aut
2800 3921 2963 3988 anti-

608 4155 611 4158 .
800 4103 842 4169 ²)
881 4100 1000 4155 Hoc
1069 4101 1296 4156 verbum
1360 4098 1704 4155 Goldbacber
1778 4098 2098 4157 coniectura
2157 4096 2488 4163 substituit,
2565 4096 2804 4152 traditur
2871 4102 2965 4161 „et

597 4184 884 4248 narsum&

796 4278 844 4349 ²)
879 4280 1018 4333 Tim.
1059 4277 1200 4343 771),
1237 4278 1382 4345 860,
1420 4277 1564 4333 elA.

798 4373 839 4436 ⁸)
882 4368 1171 4424 l'iechotta
1208 4367 1244 4420 l.
1286 4384 1332 4443 c.
1370 4362 1422 4433 p..
1463 4370 1547 4419 31.
