3425 5167
1534 461 1973 526 „52-

587 646 792 711 verba
867 625 1312 723 1·espicienda;
1347 643 1550 717 sunt‚²
1594 641 1891 707 homines
1964 642 2162 708 etiam
2236 642 2474 723 pedum
2549 659 2817 707 numero
2894 660 2948 705 a

579 751 818 818 ceteris
865 750 1306 822 animantibus
1366 750 1597 815 avibus
1633 750 1953 830 'exceptis
2014 747 2278 815 differre
2326 756 2797 815 commemorat.
2843 784 2931 793 ——-

756 857 862 923 Ex
926 857 1049 930 hoc
1111 857 1298 922 brevi
1343 854 1693 937 conspectu
1764 861 1950 938 patet
1994 856 2426 937 Ambrosium,
2476 850 2665 937 quem
2710 858 2774 921 in
2824 856 2946 923 his

579 981 831 1045 quoque
876 964 1175 1045 partibus
1224 963 1598 1029 distinctam
1645 963 1929 1029 auctoris
1962 962 2292 1029 scribendi
2324 963 2597 1029 rationis
2641 963 2932 1047 effigiem

579 1071 734 1138 dare
781 1070 1197 1138 manifestum
1245 1077 1367 1153 est,
1417 1076 1662 1135 certam
1721 1069 2218 1151 philosophandi
2264 1070 2437 1136 viam
2466 1076 2470 1083 '
2498 1080 2566 1135 et
2612 1072 2939 1137 rationem·

577 1179 777 1258 sequi.
884 1178 1334 1260 Compluribus
1416 1178 1575 1243 locis
1640 1176 1969 1243 hominum
2041 1183 2308 1243 natura'
2348 1197 2493 1244 cum
2566 1186 2939 1244 ceterorum

577 1286 999 1351 animantium
1055 1288 1428 1366 comparata
1473 1285 1732 1350 illorum
1786 1286 2251 1364 praestantiam
2307 1286 2657 1366 praedicat.
2736 1285 2931 1351 Prae-

575 1399 759 1459 terea
819 1394 1224 1474 singularum
1305 1392 1592 1472 corporis
1653 1392 1937 1474 partium
2005 1410 2134 1457 non
2201 1398 2453 1458 tantum
2524 1411 2740 1474 usum,
2812 1392 2938 1458 sed

577 1500 774 1565 etiam
837 1500 1382 1580 pulchritudinem
1445 1500 1644 1563 multo
1718 1499 2069 1565 studiosius
2138 1499 2500 1579 fortiusque
2565 1518 2757 1580 quam
2834 1500 2944 1565 eis
3000 1478 3043 1595 ’ν

574 1607 755 1689 lociS,
806 1607 1036 1685 quibus
1097 1626 1134 1673 e
1182 1604 1430 1672 Galeno
1492 1611 1562 1671 et
1607 1606 1882 1686 Apuleio
1929 1606 2190 1703 pendet,
2255 1606 2555 1673 laudibus
2623 1608 2939 1673 celebrat.

578 1714 865 1796 Quacum
910 1713 1437 1795 philosophorum
1484 1712 1830 1796 disciplina
1875 1714 2038 1779 haec
2086 1714 2410 1795 cogitandi
2474 1714 2664 1779 ratio
2690 1705 2968 1803 optime'

575 1821 922 1886 conveniat
981 1820 1171 1885 docet
1231 1818 1474 1901 Cicer0,
1539 1821 1648 1900 qui
1715 1820 1797 1884 de
1858 1820 2216 1886 Stoicorum
2274 1820 2557 1886 naturali
2628 1821 2941 1902 opinione-

573 1926 873 2003 refertzl)
951 1928 1147 2009 „Jam
1226 1928 1676 2009 membrorum,
1755 1928 1823 1992 id
1892 1937 1997 1992 est
2064 1928 2344 2007 partium
2414 1929 2722 2011 corporis,
2770 1915 2943 1993 'alia

573 2034 881 2102 videntur
926 2043 1191 2115 propter
1237 2052 1456 2099 eorum
1504 2052 1688 2098 usum
1736 2053 1775 2097 a
1821 2040 2054 2099 natura
2087 2053 2232 2100 esse
2268 2037 2524 2115 donata,
2574 2045 2647 2100 ut
2677 2054 2934 2117 manus,

577 2161 786 2223 crura,
859 2142 1062 2225 pedes
1103 2193 1114 2205 .
1149 2190 1210 2205 ..
1275 2142 1404 2235 alia
1462 2147 1678 2207 autem
1740 2143 1982 2206 nullam
2052 2144 2132 2206 ob
2198 2143 2544 2207 utilitatem
2611 2142 2795 2223 quasi
2846 2142 2937 2207 ad

575 2248 893 2330 quendam
943 2243 1258 2331 ornatum,
1310 2240 1384 2314 ut⁵
1429 2300 1442 2313 .
1491 2297 1504 2310 .
1556 2300 1568 2312 .
1616 2249 1776 2314 viris
1824 2268 2139 2315 mammae
2188 2256 2382 2330 atque
2412 2249 2679 2314 barba‚“

752 2356 1002 2439 Quibus
1050 2356 1366 2437 expositis
1413 2356 1818 2435 exploratum
1885 2358 2093 2421 habeo
2142 2375 2287 2421 eum
2334 2362 2685 2437 auctorem,
2736 2375 2935 2436 quem

572 2464 954 2529 Ambrosius
1010 2463 1076 2526 in
1131 2462 1264 2527 illis
1320 2463 1616 2543 partibus
1681 2463 2082 2543 potissimum
2146 2472 2406 2529 secutus
2456 2472 2579 2545 cst,
2652 2464 2717 2527 id
2782 2482 2934 2545 spe--

575 2578 791 2637 ctasse
827 2576 901 2635 ut
930 2570 1194 2635 humani
1227 2570 1514 2650 corporis
1559 2570 1843 2636 indolem
1892 2571 2244 2651 perfectam
2298 2572 2789 2637 demonstraret.
2847 2608 2926 2615 -ψ

745 2678 1100 2756 Postquam
1147 2678 1269 2741 hoc
1312 2677 1889 2759 comprobavimus,
1937 2688 2160 2743 nostra
2207 2680 2485 2744 interest
2532 2680 2719 2759 scire,
2756 2679 2939 2761 apud&

570 2802 728 2862 quos
807 2784 1159 2862 scriptores
1237 2784 1466 2848 similis
1546 2783 1842 2849 doctrina
1920 2785 2460 2865 deprehendatur.
2578 2787 2741 2865 Nam
2818 2806 2925 2851 ex-

570 2890 996 2971 spectandum
1065 2898 1185 2971 est,
1250 2896 1323 2954 ut
1389 2890 1492 2955 his
1555 2891 2013 2957 adiuvantibus
2092 2912 2207 2958 eae
2269 2894 2740 2959 Ambrosianac
2820 2914 2927 2959 cx-

571 2997 912 3080 positionis
991 3003 1233 3077 partes,
1314 3016 1477 3076 quae
1561 3017 1643 3063 ex
1720 3017 1845 3063 uno
1914 2999 2094 3064 fonte
2161 3000 2543 3082 desumptae
2613 3003 2785 3065 inter
2854 3019 2942 3066 se

569 3104 1060 3185 coniungendae
1109 3111 1277 3185 sunt,
1328 3105 1566 3169 clarius
1615 3107 2117 3187 distinguantur,

748 3210 950 3275 Nobis
1001 3209 1463 3289 quaerentibus
1513 3230 1584 3276 se
1633 3214 1891 3277 obviam
1938 3214 2069 3279 fert
2113 3216 2434 3281 Lactantii
2484 3216 2766 3298 libelluS‚
2816 3215 2929 3294 qui

570 3319 669 3383 De
736 3317 986 3397 opificio
1050 3318 1176 3382 Dei
1240 3318 1634 3383 inscribitur.
1726 3320 2047 3387 Fontibus
2110 3323 2302 3388 huius
2365 3324 2592 3403 scripti
2655 3324 2925 3389 investi·

567 3424 802 3507 gandis
873 3442 1132 3504 operam
1199 3426 1468 3492 navavit
1545 3426 1817 3509 Brandt,
1888 3429 2223 3494 Lactantii
2299 3431 2527 3509 editor,
2599 3432 2667 3493 in
2744 3429 2939 3503 stud,

568 3531 843 3597 Vindob.
921 3532 1090 3596 XIII
1168 3529 1396 3617 (1891)
1481 3554 1540 3613 p.
1613 3531 1985 3600 255—292.
2098 3535 2266 3618 Quid
2348 3538 2448 3601 vir
2527 3537 2753 3600 doctus
2830 3538 2924 3599 in·

567 3638 915 3719 quisitione
962 3657 1081 3705 sua
1126 3638 1422 3704 effecerit
1471 3641 1759 3707 breviter
1806 3643 2157 3721 explanare
2205 3642 2361 3705 mihi
2408 3642 2620 3705 liceat.
2669 3676 2757 3684 —

747 3746 1002 3811 Brandt
1061 3748 1260 3811 totius
1307 3747 1516 3813 libelli
1564 3748 1725 3813 duas
1767 3756 1987 3827 partos
2054 3748 2308 3813 dicendi
2372 3749 2584 3812 colore
2630 3747 2804 3812 inter
2848 3764 2937 3811 se·

571 3853 865 3918 diversas
945 3851 1275 3935 discernit,
1357 3872 1622 3933 quarum
1701 3855 1919 3934 priore
2004 3852 2081 3937 (c.
2161 3852 2407 3937 5-13)
2496 3854 2577 3919 de
2656 3872 2938 3933 corpore·

568 3961 868 4039 humano,
931 3960 1292 4039 posteriore
1357 3957 1434 4042 (c.
1501 3959 1787 4039 13-19)
1860 3960 1941 4025 de
2003 3962 2215 4026 animo
2278 3967 2345 4027 et
2408 3964 2625 4027 anima
2655 3959 2939 4043 agitur.-

570 4066 752 4149 Quae
798 4065 1005 4131 libelli
1051 4073 1274 4147 partes
1321 4066 1388 4132 in
1436 4067 1811 4133 universum
1874 4087 1949 4134 eo
1999 4067 2327 4152 differunt,
2378 4070 2546 4161 quod
2594 4071 2663 4134 in
2712 4070 2930 4135 altera

569 4174 883 4239 creatoris
959 4172 1369 4254 providentia
1444 4180 1514 4239 et
1605 4178 1889 4257 corporis
1985 4178 2251 4241 humani
2323 4185 2551 4243 natura
2627 4176 2939 4259 perfecta

751 4404 790 4473 ¹)
866 4404 945 4459 Do
982 4403 1128 4458 finib.
1169 4405 1256 4457 111
1299 4408 1377 4458 ις.
