3425 5167
1540 504 1628 513 -.
1721 468 1966 533 54..

775 647 1126 713 Praeterea
1205 645 1457 712 Brandt
1532 646 1911 713 observavit
1984 667 2129 712 cum
2205 646 2551 713 Lactantio
2615 647 2955 713 nonnullis

585 753 747 819 locis
825 753 1195 820 Nemesium
1270 754 1643 836 episcopum
1719 754 1783 819 in
1865 773 1942 821 eo
2016 754 2203 836 libro,
2282 755 2388 832 qui
2458 752 2620 838 Περὶ
2689 757 2956 835 φύσεως

590 855 953 944 ἀνθρώπου
1026 860 1422 943 inscribitur,
1486 861 1684 929 mire.
1724 862 2110 927 consentire.
2235 860 2365 926 Sed
2424 860 2593 940 quod
2652 860 2943 927 Nemesii

588 966 714 1032 loci
759 966 1006 1049 similes
1063 986 1323 1050 semper
1376 968 1444 1033 in
1502 968 1628 1033 alio
1684 968 2155 1034 sententiarum
2212 976 2518 1033 contextu
2573 976 2953 1049 occurrunt}

587 1073 902 1139 Brandtio
977 1092 1358 1155 persuasum
1436 1080 1539 1140 est
1599 1074 1990 1155 Nemesium,
2069 1090 2455 1154 quamquam
2516 1075 2599 1139 ad
2663 1074 2951 1140 eundem

587 1181 1014 1262 principalem
1083 1186 1410 1248 auctorem
1485 1181 1753 1258 rediret,
1819 1182 2164 1248 remotiore
2227 1182 2408 1249 fonte
2469 1200 2655 1247 usum
2718 1199 2863 1248 esse
2880 1180 2939 1260 ¹).

497 1296 506 1303 ‘
592 1287 759 1371 Quid
823 1286 904 1352 de
961 1289 1086 1353 hoc
1145 1294 1408 1364 auctore
1477 1288 1723 1354 sentiat
1768 1289 2022 1353 Brandt
2067 1290 2431 1355 accuratius
2476 1308 2605 1355 non
2651 1289 2947 1369 exponit.

588 1394 717 1459 nisi
764 1394 933 1473 quod
980 1395 1062 1460 de
1108 1393 1322 1462 Stoico
1367 1395 1685 1476 scriptore
1733 1395 1984 1462 Graeco
2017 1396 2278 1479 cogitat,
2328 1415 2411 1462 ex
2456 1412 2581 1476 quo
2628 1396 2825 1462 etiam
2870 1395 2941 1459 in

594 1502 905 1582 quasdam
974 1502 1302 1568 Ciceronis
1366 1503 1839 1585 disputationes
1902 1502 2155 1571 Stoicus
2217 1503 2545 1586 complura
2614 1501 2955 1568 fluxerint,

589 1608 695 1674 Ita
741 1609 986 1674 factum
1033 1628 1180 1675 esse
1222 1618 1465 1692 censet,
1513 1615 1586 1675 ut
1617 1611 2002 1676 Lactantius
2037 1611 2087 1675 N
2095 1612 2374 1677 emesius
2408 1612 2631 1676 Cicero
2678 1608 2951 1692 saepius

589 1716 814 1782 eodem
862 1723 1124 1782 auctore
1171 1718 1378 1798 primo
1423 1718 1561 1781 nixi
1607 1718 1884 1783 similem
1932 1718 2292 1783 doctrinam
2332 1716 2801 1799 praeberent2).
2848 1749 2941 1761 --

768 1832 1016 1914 Quibus
1064 1832 1430 1914 explanatis
1484 1832 1563 1898 ad
1612 1834 2025 1899 Ambrosium
2078 1840 2504 1916 revertamur,
2563 1834 2672 1914 qui
2724 1833 2793 1898 in
2836 1832 2947 1897 eis-

585 1940 903 2021 partibuS,
952 1958 1112 2020 quas
1145 1958 1342 2021 supra
1375 1940 1823 2022 tractavimuS,
1870 1941 2130 2023 saepius
2167 1940 2327 2007 adeo
2374 1960 2518 2007 cum
2550 1940 2921 2020 quibusdam

586 2046 919 2113 Lactantii
963 2047 1123 2113 locis
1169 2036 1516 2130 conspirat,
1574 2053 1646 2112 ut
1701 2054 1947 2113 certam
1992 2048 2308 2114 rationem
2362 2048 2536 2114 inter
2591 2052 2932 2126 utrumque

587 2155 968 2234 scriptorem
1013 2154 1424 2221 intercedere
1453 2155 1688 2239 negari
1716 2160 2015 2235 nequeat.
2108 2154 2197 2222 Ut
2241 2156 2405 2221 haec
2449 2154 2945 2237 intellegantur,

587 2261 992 2328 conferamus
1049 2280 1146 2343 ea,
1205 2280 1370 2342 quae
1427 2267 1697 2341 uterque
1753 2262 1834 2327 de
1881 2262 2169 2328 dentium
2228 2267 2296 2327 et
2339 2263 2519 2327 vocis
2565 2261 2955 2326 muneribus-

585 2368 852 2449 profert.
974 2367 1080 2434 De
1158 2369 1388 2449 quibus
1466 2370 1850 2435 Ambrosius
1926 2369 2098 2435 hunc
2171 2369 2239 2434 in
2317 2368 2573 2435 modum
2649 2368 2942 2449 disputat

587 2476 623 2558 ἓ
683 2476 838 2541 66-
862 2474 1000 2555 67);
1070 2476 1388 2556 „denique
1445 2476 1594 2542 aevi
1655 2481 1939 2542 maturos
1993 2477 2375 2557 plerumque
2435 2475 2761 2542 cernimus
2816 2475 2956 2539 hoc·

579 2584 722 2664 ipso
790 2583 980 2648 citius
1039 2601 1404 2664 senescere,
1469 2567 1635 2664 quod
1700 2584 1959 2648 amissis
2024 2583 2329 2649 dentibus
2390 2583 2630 2648 nullam
2688 2581 2943 2663 possint

582 2690 713 2757 cibi
779 2691 1084 2756 virtutem
1146 2690 1481 2757 validioris
1544 2690 1903 2757 adsumere.
1994 2690 2142 2756 ideo
2208 2696 2387 2756 muta
2446 2690 2743 2772 infantia,
2792 2690 2945 2769 quia

584 2816 712 2863 non
759 2798 962 2863 habet
1007 2798 1219 2863 adbuc
1275 2816 1588 2879 organum
1634 2798 1831 2864 vocis.
1923 2798 2187 2881 linguae
2212 2792 2221 2799 “
2244 2816 2497 2879 quoque
2550 2816 2678 2863 non
2735 2798 2941 2863 solum

583 2906 653 2968 in
699 2904 1039 2987 loqueud0,
1099 2904 1217 2971 sed
1277 2906 1475 2970 etiam
1521 2906 1589 2970 in
1645 2905 1897 2971 edendo
1956 2924 2187 2970 munus
2235 2905 2774 2986 pretiosissimum
2822 2911 2955 2969 est„

589 3030 667 3077 ea
733 3012 906 3077 enim
968 3012 1152 3078 velut
1221 3012 1536 3092 plectrum
1607 3012 1932 3092 loquentis
2011 3020 2080 3078 et
2145 3012 2459 3092 quaedam
2522 3011 2777 3078 edentis
2840 3018 2958 3076 est·

590 3137 838 3200 manuS‚
873 3137 1039 3199 quae
1070 3118 1456 3189 defluentem
1495 3120 1707 3184 cibum
1735 3121 2040 3186 dentibus
2062 3121 2363 3203 suggerit
2386 3125 2455 3185 et
2479 3116 2892 3201 ministr-aff).
2931 3169 2959 3181 ,

587 3227 675 3291 sit
720 3226 922 3306 igitur
968 3227 1154 3290 nobis
1204 3243 1507 3290 canorum
1555 3244 1893 3291 commune
1926 3245 2069 3291 eum
2102 3226 2351 3307 avibus,
2401 3226 2517 3291 sed
2550 3225 2720 3307 apud
2754 3244 2945 3304 quem

589 3350 712 3413 quo
769 3350 927 3397 sono
974 3332 1152 3397 vocis
1212 3338 1447 3413 utatur,
1507 3333 1672 3412 quod
1731 3338 1837 3397 est
1890 3332 2297 3413 rationabile,
2354 3352 2482 3397 non
2532 3340 2745 3413 potest
2800 3350 2955 3397 cum-

591 3440 886 3504 omnibus
933 3439 1373 3504 animantibus
1419 3440 1917 3505 inrationalibus
1966 3440 2217 3505 scilicet
2264 3458 2411 3505 esse
2458 3458 2791 3505 commune
2838 3490 2849 3501 .
2884 3492 2897 3504 .
2932 3492 2945 3503 .

591 3546 708 3611 soli
759 3545 934 3611 inest
976 3546 1220 3611 homini
1266 3564 1490 3613 eorum
1539 3565 1702 3626 quae
1749 3546 2029 3629 aspiciat
2072 3545 2347 3611 affectus
2394 3545 2775 3627 interpres.“

771 3652 1064 3719 Eandem
1106 3653 1247 3720 fere
1280 3654 1748 3720 sententiarum
1784 3648 2020 3719 nerum
2052 3654 2422 3719 invenimus
2470 3653 2639 3734 apud
2677 3653 2959 3719 Laetam-

592 3762 755 3825 tium
779 3779 854 3826 .0.
902 3761 969 3825 X
1014 3757 1052 3844 ξ
1103 3759 1261 3822 12-
1283 3760 1365 3823 16
1419 3812 1487 3843 „.
1524 3808 1582 3824 ..
1625 3762 1758 3826 oris
1799 3779 1956 3826 usus
2002 3760 2070 3825 in
2118 3760 2365 3826 duobus
2412 3766 2668 3826 const-at
2713 3758 2963 3824 officiis

777 4008 818 4074 ¹)
857 4005 924 4059 of.
962 4007 1180 4060 Brandx
1206 4023 1266 4073 p.
1306 4008 1410 4058 276
1448 4021 1582 4073 sqq„
1621 4006 1755 4060 edit.
1793 4022 1843 4083 p.
1884 4008 1919 4058 6
1956 4006 2081 4060 adn.

777 4115 818 4180 ²)
857 4114 1071 4168 Brandt
1106 4129 1158 4181 p.
1196 4116 1302 4165 279
1341 4114 1466 4167 adn.
1505 4130 1556 4181 p.
1599 4115 1702 4165 282
1742 4130 1822 4181 sq.

779 4224 820 4290 ⁸)
857 4222 1010 4276 Haeo
1049 4222 1215 4276 verba
1251 4221 1373 4287 ipsa
1407 4220 1730 4275 Ambrosius
1769 4236 1837 4275 ex
1874 4219 2120 4287 Apuleio,
2158 4220 2248 4274 cui
2286 4221 2342 4273 in
2369 4222 2471 4275 hac
2494 4226 2651 4289 parte
2676 4222 2966 4289 complura

598 4311 779 4375 debet,
831 4311 1131 4379 sumpsisffi
1177 4310 1411 4376 videtur,
1465 4310 1533 4364 cf.
1586 4326 1702 4377 cap.
1754 4310 1873 4364 XV.
1912 4312 2164 4365 ineunte:
2217 4309 2511 4375 „inferiora
2550 4312 2793 4365 membra
2830 4350 2842 4363 .
2882 4353 2895 4367 .
2934 4352 2957 4365 .

595 4406 721 4471 ipsa
757 4401 1122 4455 ministerium
1162 4407 1470 4469 suggerunt
1509 4399 1805 4454 victuale“.
