3425 5167
1451 472 1538 482 ...-.
1631 434 1718 497 49
1815 473 1884 482 -.

1609 612 1751 699 §a

689 720 881 808 Quae
931 722 1120 787 ratio
1169 721 1580 787 intercedat
1627 724 1821 788 inter
1867 722 2231 809 Ambrosii
2280 723 2669 789 tractatum

551 830 627 895 et
671 827 1037 898 Lactantii
1083 828 1448 910 libellum,
1495 828 1622 913 qui
1669 828 1773 911 De
1822 828 2110 911 opificio
2158 829 2293 895 Dei
2338 828 2793 897 inscribitur.

672 956 1028 1035 Postquam
1098 955 1655 1034 comprobavimus
1730 972 2044 1019 summam
2114 956 2315 1021 totius
2380 956 2853 1022 Ambrosianae

499 1060 923 1143 expositionis
969 1069 1224 1142 partem
1271 1080 1351 1146 ex
1400 1062 1646 1128 duobus
1701 1063 2091 1143 auctoribuS,
2141 1061 2391 1127 Galeno
2439 1068 2507 1128 et
2552 1064 2848 1145 ApuleiO,

495 1167 791 1251 fluxisse,
847 1168 1232 1235 tractandae
1287 1175 1544 1234 restant
1597 1170 1991 1250 paragraphi
2048 1166 2165 1251 54,
2231 1165 2336 1251 55,
2396 1167 2502 1251 56,
2562 1168 2848 1249 63-67,

497 1273 603 1357 69,
655 1274 760 1358 72,
813 1276 916 1357 74,
966 1276 1048 1341 de
1079 1295 1361 1355 ¹quarum
1394 1276 1764 1364 ,fonte-non
1812 1276 2036 1341 eadem
2084 1275 2218 1341 fide
2276 1284 2344 1342 et
2390 1277 2853 1357 probabilitate

495 1382 600 1463 agi
652 1388 888 1463 potest,
940 1384 1106 1463 quod
1151 1384 1479 1448 Ambrosii
1527 1383 1859 1461 exemplar
1905 1389 2185 1449 aetatem
2238 1402 2364 1447 non
2411 1384 2639 1449 tulisse
2692 1385 2852 1448 mihi

497 1508 876 1569 persuasum
942 1496 1062 1555 est.
1175 1490 1406 1569 Itaque
1477 1490 1638 1555 satis
1713 1490 1968 1555 habebo
2041 1489 2104 1568 1)
2182 1489 2626 1555 demonstrare
2702 1491 2851 1556 illas

497 1598 938 1677 paragraphos
1005 1616 1316 1663 summam
1372 1603 1625 1677 partem
1683 1616 1767 1661 ex
1822 1616 1949 1662 uno
2006 1596 2187 1662 fonte
2246 1597 2621 1678 desumptas
2680 1614 2850 1675 esse,
2916 1600 2923 1604 '

498 1702 564 1780 2)
609 1704 760 1768 libri
823 1704 1158 1785 compilati
1214 1704 1494 1779 indolem
1556 1705 1959 1786 adumbrare,
2028 1704 2095 1789 3)
2140 1723 2251 1770 eos
2307 1704 2679 1785 scriptores
2739 1705 2851 1787 qui

496 1829 578 1875 ex
625 1810 850 1876 eodem
895 1813 1002 1878 vel
1030 1817 1322 1893 *cognato
1368 1811 1549 1877 fonte
1595 1813 1971 1892 hauserunt,
2020 1812 2324 1892 indicare..
2376 1848 2460 1857 —

675 1919 1090 1984 Ambrosium
1135 1919 1202 1983 in
1250 1919 1437 1984 libris
1485 1919 1618 2001 suis
1662 1936 1810 1999 ,cum
1842 1918 2113 1984 aliorum
2153 1918 2682 1999 philosophorum
2715 1924 2854 1983 tum

499 2023 856 2090 Stoicorum
937 2020 1240 2090 doctrina
1315 2044 1512 2105 saepe
1606 2025 1730 2089 niti
1799 2024 2038 2105 optime
2106 2025 2171 2089 id
2244 2042 2432 2106 opuS,
2506 2025 2672 2105 quod
2753 2026 2853 2089 De

494 2131 725 2197 officiis
809 2133 1248 2207 ministrorum
1333 2132 1729 2213 inscribitur,
1815 2136 2113 2197 testatur.
2237 2130 2377 2213 Quo
2424 2132 2531 2197 ¹in
2609 2132 2855 2212 scripto

495 2240 878 2305 Ambrosius
942 2240 1270 2305 Ciceronis
1327 2240 1429 2303 De
1495 2237 1724 2303 officiis
1785 2238 1986 2303 libros
2052 2243 2314 2304 secutus
2362 2237 2724 2303 Stoicorum
2769 2238 2855 2303 de

497 2346 910 2429 philosophia
954 2346 1184 2414 morali
1228 2346 1473 2426 placita
1516 2364 1660 2409 cum
1693 2344 2202 2410 Christianorum
2236 2347 2607 2426 praeceptis
2652 2363 2856 2424 usque

497 2471 572 2517 eo
637 2453 1056 2533 commiscuit,
1120 2458 1194 2516 ut
1254 2453 1458 2517 multa
1523 2452 1739 2516 aliena
1800 2470 1947 2518 esse
2010 2452 2357 2517 videantur
2405 2471 2444 2515 a
2498 2440 2854 2517 Christiani

498 2561 828 2641 cogitandi
878 2567 946 2626 et
991 2560 1317 2625 scribendi
1365 2556 1698 2641 rationo¹).
1794 2558 2109 2624 Similiter
2154 2578 2261 2623 res
2310 2577 2382 2623 se
2426 2559 2629 2623 habet
2672 2558 2741 2621 in
2775 2576 2858 2623 ea

499 2667 926 2749 expositione,
989 2687 1154 2747 quae
1217 2667 1402 2737 nobis
1463 2666 1792 2753 proposita
1850 2673 1966 2731 est.
2060 2666 2223 2729 Nam
2286 2666 2351 2729 in
2414 2666 2535 2729 hoc
2603 2683 2857 2744 quoque

498 2780 782 2839 tractatu
877 2774 1259 2839 Ambrosius
1351 2774 1747 2838 medicorum
1848 2774 2088 2852 placita
2182 2771 2450 2853 Galeno,
2557 2772 2854 2837 Platonis

499 2881 834 2958 opiniones
885 2881 1160 2960 Apuleio
1227 2880 1438 2944 debet.
1534 2880 1755 2958 Neque
1820 2881 2031 2945 minus
2098 2898 2179 2944 ex
2242 2880 2509 2958 reliquis
2558 2879 2858 2958 partibus

499 2994 680 3049 certa
725 2986 1043 3049 naturalis
1090 2985 1499 3064 philosophia
1545 2986 1777 3065 elucet,
1829 3004 1993 3064 quae
2040 2986 2401 3051 clarissime
2450 2985 2531 3048 ad
2566 2985 2853 3050 Stoicum

500 3095 828 3155 auctorem
875 3097 1148 3171 spectat.

677 3198 755 3261 In
820 3198 1270 3277 disquisitione
1335 3204 1560 3263 nostra
1619 3198 1945 3263 ordiamur
2006 3218 2044 3262 a
2107 3216 2363 3279 paragr.
2435 3194 2670 3281 66l67,
2742 3198 2854 3263 ubi

500 3306 776 3384 scriptor
859 3305 938 3370 de
1014 3322 1172 3370 voce
1229 3304 1413 3386 rhaec
1492 3305 1698 3371 refert
1779 3324 1949 3388 „vox
2020 3323 2271 3386 quoque
2339 3306 2509 3370 aeris
2579 3304 2856 3385 quodam

499 3413 769 3493 remigio
847 3412 1108 3477 vehitur
1184 3421 1252 3477 et
1327 3431 1444 3492 per
1517 3413 1712 3477 inane
1791 3418 2089 3491 portatur
2165 3414 2517 3491 eademque
2593 3412 2659 3476 vi
2737 3430 2863 3477 sua

645 3590 686 3654 ι)
727 3587 794 3640 cf.
833 3588 1055 3641 Forster
1091 3586 1128 3641 1.
1169 3604 1212 3639 0.
1252 3603 1302 3654 p.
1351 3589 1476 3639 184:
1519 3587 1628 3640 Das
1658 3587 1960 3641 Fachwerk
1998 3588 2095 3641 der
2131 3588 2283 3640 alten
2319 3586 2490 3640 Ethik
2530 3588 2716 3639 wurde
2754 3587 2860 3640 mit

465 3718 470 3722 .
500 3676 734 3731 heriiber
771 3691 1097 3744 genommen
1137 3676 1247 3729 und
1285 3677 1531 3741 benutzt‚
1563 3692 1650 3728 um
1688 3678 1797 3731 den
1834 3691 2007 3731 neuen
2041 3675 2398 3730 christlichen
2424 3674 2617 3728 Inhalt
2643 3675 2857 3729 hinein-

497 3764 750 3834 zulegen.
808 3766 917 3821 Der
953 3780 1092 3820 neue
1117 3764 1284 3820 Wein
1328 3766 1513 3821 wurde
1551 3765 1608 3817 in
1637 3766 1752 3821 alte
1778 3764 2077 3819 Schl'auche
2104 3763 2311 3833 getam,
2351 3764 2464 3817 und
2488 3778 2605 3817 was
2631 3764 2862 3817 heraus·

499 3854 728 3919 kommt,
769 3855 846 3908 ist
881 3856 1038 3909 nicht
1077 3854 1396 3909 christliche
1433 3855 1624 3922 Ethik,
1661 3856 1896 3911 sondern
1937 3856 2027 3909 ein
2064 3870 2162 3909 aus
2194 3852 2550 3909 christlichen
2579 3854 2691 3905 und
2719 3852 2865 3907 anti·

501 3958 641 4008 quen
684 3944 1010 3999 Elementen
1048 3944 1410 3999 bestehendes
1449 3945 1723 3999 Gemisch.
1770 3943 1889 3999 Dass
1929 3944 2015 3999 die
2052 3943 2517 3999 stoisch-ciceron.
2569 3942 2733 3997 Siitzc
2768 3942 2867 3995 fiir*

499 4032 616 4085 sich
642 4032 782 4085 auch
811 4033 958 4088 wohl
983 4032 1106 4088 eine
1133 4034 1452 4088 christliche
1477 4036 1737 4103 Deutung
1756 4034 2027 4100 zulassen,
2061 4034 2137 4088 ist
2160 4030 2359 4103 gewifl,
2398 4033 2509 4085 und
2540 4032 2867 4085 Ambrosius

498 4123 597 4175 hat
641 4121 1056 4177 unzweifelhaft
1093 4122 1280 4178 diesen
1317 4122 1454 4176 Sinn
1493 4124 1851 4192 untergelegt
1890 4124 2000 4177 und
2047 4123 2237 4178 darum
2278 4122 2683 4175 unbedenklich
2732 4120 2869 4188 jone

498 4210 803 4266 Gedanken
864 4210 1442 4281 heriibergenommen,
1510 4213 1639 4267 aber
1705 4212 2355 4280 unzusammenh'angeud
2422 4210 2531 4263 und
2592 4209 2869 4277 losgeliist

497 4316 621 4355 vom
664 4300 948 4354 christlich
998 4300 1340 4355 kirchlichen
1377 4301 1600 4369 Prinzip
1653 4303 1876 4357 miissen
1932 4302 2013 4356 sie
2051 4301 2171 4355 dem
2211 4300 2377 4355 Leser
2415 4297 2741 4367 freindartig
2778 4312 2866 4353 er.

449 4464 454 4469 .
501 4388 760 4443 scheinen
806 4432 814 4441 .
860 4429 870 4440 .
914 4429 925 4439 .
2535 4462 2564 4508 ⁴
