3425 5167
467 697 622 745 cum
673 677 968 758 Platone,
1019 694 1207 755 quem
1255 676 1570 756 Apuleius
1618 677 1683 739 in
1733 693 1849 740 sua
1897 676 2334 757 disputatione
2390 684 2650 741 secutus
2706 683 2829 758 est,

464 784 861 851 «consentire.
939 782 1030 848 Ut
1059 783 1247 847 Plato
1279 783 1500 849 verbis
1546 782 1898 846 δεσποτεῖν
1945 789 2014 849 et
2044 784 2368 865 ὑπηρεσία
2404 802 2555 847 usus
2595 783 2827 864 capitis

467 891 908 971 dominatum,
997 890 1284 969 corporis
1364 890 1698 956 servitium
1779 889 2110 972 designat,
2198 891 2293 955 ita
2370 890 2685 970 Apuleius
2736 898 2831 956 'et

471 998 864 1065 Ambrosius
896 1004 1094 1078 caput
1124 1014 1268 1062 cum
1306 996 1580 1077 domino,
1630 998 1919 1063 membra
1951 1016 2095 1063 cum
2128 997 2405 1063 servulis
2439 1003 2830 1078 comparant.

478 1106 639 1171 'Pari
685 1104 870 1170 modo
918 1108 1113 1184 atque
1144 1104 1351 1187 Plato,
1402 1105 1511 1183 qui
1556 1104 1716 1169 dicit
1747 1123 1977 1186 corpus
2010 1123 2157 1170 esse
2189 1104 2423 1184 capitis
2460 1099 2670 1188 ὄχημα
2704 1105 2743 1169 i.
2778 1123 2831 1170 e.

475 1213 872 1293 vehiculum,
896 1229 1019 1291 quo
1047 1216 1371 1291 portatum
1399 1211 1682 1277 omnium
1707 1218 1993 1277 motuum
2016 1212 2345 1292 particeps
2380 1211 2483 1291 sit,
2520 1213 2833 1292 Apuleius

472 1328 553 1386 et
600 1318 1002 1387 Ambrosius,
1039 1320 1325 1383 membra
1387 1324 1580 1398 caput
1623 1325 1890 1384 vectare
1938 1319 2042 1384 vel
2091 1320 2331 1384 vehere
2395 1318 2704 1385 referunt.

673 1435 857 1517 Quod
890 1435 971 1499 ad
1004 1434 1241 1515 Apulei
1290 1434 1548 1499 dicendi
1581 1453 1789 1514 genus
1823 1436 2077 1515 attinet,
2111 1436 2382 1499 verbum
2436 1435 2834 1516 „ancillari“‚

474 1543 654 1623 -quod
687 1542 879 1622 paulo
914 1541 1276 1607 accuratius
1323 1543 1852 1624 interpretemur,
1899 1541 2168 1624 dignum
2212 1541 2395 1625 est1).
2478 1542 2618 1607 Hoc
2665 1542 2836 1609 enim

478 1650 870 1717 vocabulum
919 1668 956 1712 a
1004 1648 1427 1728 scriptoribus
1477 1648 1733 1713 Latinis
1790 1648 2120 1714 rarissime
2168 1648 2528 1713 adhibitum
2544 1647 2614 1732 ²),
2673 1648 2835 1728 quod

480 1758 710 1822 vnescio
787 1774 870 1819 an
945 1774 1024 1820 ex·
1092 1756 1305 1835 prisco
1391 1774 1686 1821 sermone
1758 1756 2140 1841 arcessitum
2211 1757 2325 1832 sit,
2400 1757 2481 1820 ab
2556 1756 2841 1835 antiquis

478 1861 932 1946 :grammaticis
965 1862 1225 1942 saepius
1258 1864 1634 1944 explicatur.
1710 1862 1953 1928 Nonius
1985 1882 2044 1943 p.
2081 1863 2204 1928 7:31
2248 1863 2495 1929 duobus
2528 1863 2841 1944 exemplis

479 1969 571 2036 -ex
620 1970 799 2035 Attio
850 1976 918 2035 et
963 1969 1202 2034 Titinio
1251 1970 1466 2034 allatis
1513 1971 2008 2051 interpretatur:
2073 1960 2502 2051 „ancillantur
2548 1988 2663 2051 pro
2710 1987 2844 2035 ser-

484 2078 744 2144 ·viunt“.
844 2076 921 2140 In
984 2075 1128 2140 aliis
1201 2077 1537 2158 glossariis
1603 2077 1983 2156 plerumque
2048 2076 2339 2141 ancillari
2405 2096 2521 2157 pro
2594 2077 2844 2142 adulari

488 2186 774 2265 ponitur.
869 2182 998 2247 Sed
1055 2201 1196 2248 cum
1255 2183 1366 2247 illo
1414 2184 1652 2264 Apulei
1697 2184 1835 2248 loco
1896 2185 2081 2249 unico
2130 2184 2433 2250 convenit
2479 2184 2845 2266 explicatio,

481 2312 662 2371 quac
710 2291 776 2355 in
825 2291 1017 2371 gloss.
1062 2291 1290 2356 Abavo
1338 2292 1693 2356 invenitur:
1749 2292 2109 2372 „ancillari:
2157 2292 2490 2356 humiliter
2536 2292 2846 2357 servite“.

484 2399 708 2480 Quam
732 2398 1337 2477 interpretationem
1370 2398 1565 2462 etiam
1598 2398 1767 2478 apud
1803 2399 2212 2464 Ambrosium
2245 2398 2554 2479 optimum
2588 2418 2849 2465 sensum

475 2500 816 2587 'praebere
863 2504 1276 2569 manifestum
1326 2511 1442 2569 est.
1490 2539 1578 2549 -—

679 2621 756 2686 In
804 2621 1098 2702 proxima
1144 2620 1552 2703 paragrapho
1601 2619 1737 2705 (58)
1786 2622 2167 2687 Ambrosius
2217 2623 2519 2705 ostendit,
2569 2630 2849 2702 quantae

487 2728 770 2794 {utilitati
832 2728 1179 2807 supercilia
1247 2728 1450 2793 oculis
1516 2728 1680 2811 sint,
1751 2748 1894 2793 cum
1958 2729 2114 2794 dicit
2182 2729 2493 2810 „eandem
2554 2730 2855 2811 geminae

484 2852 734 2915 :saepes
801 2835 1286 2913 superciliorum
1352 2839 1676 2929 secuntur,
1742 2854 1905 2913 quae
1969 2836 2169 2900 oculis
2228 2836 2628 2901 munimenta
2672 2854 2855 2916 prae·

493 2942 785 3005 :tendunt
823 2990 835 3001 .
870 2986 883 3000 .
931 2940 990 3004 si
1037 2940 1187 3017 quid
1236 2940 1405 3003 enim
1460 2939 1538 3003 de
1575 2940 1789 3020 capite
1822 2942 2103 3006 sordium
2138 2942 2395 3006 decidat
2428 2993 2440 3005 .
2474 2994 2486 3006 .
2535 2943 2855 3023 excipitur

510 3044 857 3126 supercilio
903 3096 915 3108 .
959 3049 1010 3107 .“
1110 3044 1236 3110 Sed
1304 3064 1498 3126 supra
1561 3046 1838 3111 vidimus
1900 3049 2310 3113 Ambrosium
2373 3049 2645 3131 candem
2714 3050 2853 3116 fere

490 3152 901 3218 ‹sententiam
949 3152 1142 3216 etiam
1190 3154 1257 3215 in
1304 3171 1560 3234 paragr.
1611 3152 1698 3216 60
1744 3154 2058 3236 proferre,
2107 3156 2218 3219 ubi
2251 3156 2517 3220 exhibet
2570 3148 2683 3238 „eo
2715 3156 2854 3222 loco

495 3259 724 3345 oculos
791 3258 1146 3340 constituit,
1211 3260 1315 3323 cui
1378 3260 1727 3339 supercilia
1789 3261 2068 3341 desuper
2131 3281 2256 3327 non
2320 3262 2653 3327 minimum
2714 3282 2856 3343 pro-

440 3453 444 3458 ·
505 3365 808 3431 tectionis
833 3365 1270 3447 inpertiam,
1297 3367 1506 3431 haec
1539 3387 1620 3433 ne
1655 3387 1778 3447 qua
1810 3369 2209 3434 incidentis
2191 3371 2465 3435 iniuriae
2498 3370 2855 3437 offensione

496 3472 864 3554 laedantur,
931 3474 1081 3553 pilis
1144 3476 1296 3539 hinc
1355 3475 1507 3541 inde
1570 3477 1885 3584 consertis
1949 3477 2128 3541 velut
2189 3476 2460 3555 quodam
2510 3479 2680 3542 vallo
2737 3497 2855 3557 per

503 3581 845 3646 circuitum
893 3578 1328 3674 muniuntur?

683 3687 781 3751 Ex
830 3690 1062 3767 quibus
1120 3690 1277 3754 locis
1335 3695 1519 3769 patet
1564 3690 1977 3754 Ambrosium
2037 3690 2116 3754 de
2165 3690 2391 3755 eadem
2447 3709 2518 3755 re
2569 3692 2667 3755 bis
2715 3690 2855 3757 fere

487 3778 674 3857 idem
709 3796 940 3861 dicere.
1007 3796 1079 3859 Id
1117 3797 1284 3875 quod
1318 3816 1473 3861 sane
1514 3796 1895 3878 offenderet,
1941 3797 2064 3861 nisi
2101 3818 2183 3862 ux
2213 3797 2499 3862 fontibus
2539 3797 2851 3864 adhibitis

485 3916 700 3962 causa
745 3901 1274 3982 intellegeretur.-
1318 3904 1544 3968 Altero
1595 3906 1764 3968 enim
1812 3906 1949 3970 loco
1995 3903 2315 3970 Galenum
2349 3913 2676 3971 auctorem
2710 3924 2855 3971 esse

485 4008 1080 4084 comprobavimus,
1141 4029 1283 4074 cum
1342 4012 1555 4090 priore
1617 4013 1755 4076 loco
1805 4012 2118 4092 Apuleius
2165 4013 2506 4077 Ambrosio
2554 4030 2660 4077 res
2708 4014 2857 4077 sub-

505 4112 994 4176 ministraverit.
1087 4116 1210 4181 Ille
1261 4118 1429 4181 enim
1487 4119 1712 4183 scribit
1770 4120 1836 4182 in
1885 4138 2021 4199 cap.
2068 4120 2219 4183 XV:
2286 4127 2393 4201 „at
2439 4118 2857 4200 supercili-

690 4341 731 4404 1)
770 4339 851 4393 De
888 4340 991 4393 hoc
1029 4341 1193 4395 verbo
1233 4342 1538 4412 disputavit
1575 4304 1753 4412 Funk,
1792 4347 1994 4401 Archiv
2033 4346 2111 4401 IV
2148 4350 2331 4417 (1887)
2371 4366 2420 4416 p.
2462 4351 2545 4403 76.

686 4428 835 4497 2.)cf
876 4429 1134 4483 Thesaur.
1173 4430 1324 4499 ling:
1354 4432 1474 4487 Lat.
1513 4449 1574 4487 s.
1595 4452 1645 4489 v.
1658 4435 1958 4489 ancillari.

2534 4529 2566 4578 3
