3425 5167
1535 465 1979 531 ...60-

563 648 745 715 ²dicit·
789 646 876 732 (Ρ.
925 644 1108 731 854):
1169 640 1406 709 ἐκεῖνοι
1453 644 1662 731 (μύες)
1707 645 1833 724 μὲν
1879 640 1999 729 γὰρ
2046 642 2117 706 ὲν
2163 641 2341 708 τοῦτ’
2389 642 2571 729 ἑργον
2615 642 2819 724 μόνον
2866 638 2940 704 ἐν

581 762 727 827 ταῖς
784 756 1098 841 μασήσεσι
1163 757 1578 837 παρέχονται,
1645 752 1926 878 σφοδρῶς
1987 748 2282 840 αλλήλοις
2340 747 2730 833 συμβάλλειν
2790 752 2941 821 τοὺς

564 858 872 944 ..ὅδόντας,
924 847 973 943 ᾧ
1020 865 1377 925 συνέπεται
1411 862 1706 943 θραύειν,
1768 857 1833 922 εί
1869 883 1935 923 τι
1978 860 2223 939 μεταξὺ
2271 852 2823 943 παρακέοιτο·τό
2871 852 2939 921 δ

565 964 806 1053 ,ὥσπερ
879 963 1012 1031 ὑπὸ
1089 966 1312 1047 μύλων
1377 976 1504 1030 τῶν
1573 970 1864 1049 γομφίων
1924 966 2267 1029 λειοῦσθαι
2326 964 2444 1053 τὴν
2506 964 2749 1054 τροφὴν
2812 968 2941 1028 τῶν

563 1078 974 1162 Δμασητήρων
1042 1070 1226 1157 ἔργον
1285 1083 1483 1154 μυῶν.
1578 1064 1759 1137 οὗτοι
1818 1070 2088 1137 δἀὐτοὶ
2152 1074 2260 1136 καὶ
2324 1069 2795 1155 μεταβάλλουσι
2856 1066 2937 1135 τὰ

587 1186 778 1265 σιτία,
836 1182 947 1244 καὶ
993 1176 1074 1243 τοὶ
1122 1190 1250 1243 τῶν
1295 1162 1576 1243 ὀδόντων
1623 1176 2103 1243 ἄποπίπτοντα
2162 1177 2483 1264 παράγειν
2530 1182 2751 1251 αὐτοῖς
2797 1175 2939 1242 ἑπι-

585 1288 908 1373 βάλλουσι,
967 1285 1336 1369 τεινάμενοι
1405 1309 1478 1351 τε
1536 1290 1646 1351 καὶ
1715 1284 2287 1370 προστελλόμενοι,
2350 1291 2477 1349 τῶν
2539 1290 2941 1371 κροταφιτῶν

565 1406 770 1478 ,μυῶν
831 1395 1036 1481 μηδὲν
1099 1393 1192 1466 εἰς
1249 1404 1441 1459 τοῦτο
1499 1394 2058 1476 συμβαλλομένων.
2136 1390 2277 1457 ἄλλ’
2326 1393 2359 1482 ἡ
2405 1394 2649 1473 γλῶττα
2695 1393 2817 1475 μὲν
2864 1394 2941 1455 οὐ

589 1497 834 1588 σμικρὰ
895 1494 1367 1585 διαπράττεται
1431 1502 1588 1585 περὶ
1652 1499 1770 1589 τὴν
1832 1496 2161 1584 ἐνέργειαν
2219 1502 2441 1589 αὐτήν,
2500 1491 2606 1565 οἷα
2653 1500 2790 1583 χεὶρ
2837 1495 2944 1562 αἐἱ

587 1606 1078 1691 μεταβάλλουσα
1144 1610 1254 1671 καὶ
1308 1613 1673 1691 στρέφουσα
1730 1602 1849 1692 τὴν
1898 1604 1969 1669 ἐν
2016 1610 2103 1693 τῷ
2150 1604 2429 1688 στόματι
2482 1606 2729 1696 τροφὴν
2773 1605 2943 1693 ὑπὲρ

591 1726 706 1779 τοῦ
769 1720 909 1779 πᾶν
970 1710 1210 1795 ὁμοίως
1273 1716 1470 1803 αὐτῆς
1530 1717 2078 1800 καταθραύεσθαι
2136 1720 2358 1799 μέρος·
2425 1764 2439 1779 .
2502 1766 2515 1778 .
2578 1767 2593 1781 .
2698 1716 2946 1782 Iterum

592 1825 912 1907 GalenuS,
994 1840 1380 1903 quamquam
1441 1824 1642 1889 multo
1703 1824 1946 1888 maiore
2001 1814 2347 1890 verborum
2408 1823 2655 1889 ambitu
2718 1824 2944 1904 utitur,

591 1934 661 1998 in
708 1950 782 1998 re
827 1931 1174 2013 principali
1232 1950 1376 1998 cum
1422 1931 1556 1995 illis
1612 1930 2041 2012 scriptoribus
2089 1931 2431 1996 consentit.
2525 1929 2675 2011 Sed,
2723 1929 2949 1995 iniciat

573 2040 936 2121 -quispiam,
995 2038 1301 2105 hausitne
1346 2038 1748 2103 Ambrosius·
1779 2037 2062 2103 fortasse
2109 2056 2191 2103 ex
2235 2038 2379 2119 ipso
2426 2036 2698 2119 GalenO,
2754 2052 2947 2117 quem

573 2148 741 2213 ‚aliis
801 2147 962 2212 locis
1024 2147 1163 2211 eius
1225 2151 1555 2212 auctorem
1627 2164 1775 2211 esse
1840 2143 2445 2225 comprobavimus?
2544 2145 2737 2210 Certe
2801 2161 2947 2209 non.

591 2256 798 2321 Totus
844 2254 1020 2320 enim
1052 2252 1286 2319 Galeni
1337 2254 1812 2319 sententiarum
1856 2270 2057 2317 nexus
2095 2254 2178 2316 ab
2212 2252 2643 2318 Ambrosiano
2686 2269 2948 2332 prorsus

575 2361 846 2427 alienus
879 2367 999 2427 est.
1055 2360 1282 2439 Neque
1315 2355 1527 2425 minus
1558 2360 1770 2442 ipsum
1799 2359 2035 2440 Galeni
2068 2360 2433 2440 exemplum
2464 2358 2649 2424 modo
2682 2359 2949 2423 allatum

591 2458 1097 2551 discrepantiam
1155 2468 1317 2533 satis
1373 2468 1726 2533 notabilem
1783 2472 2094 2549 praestat.
2186 2466 2351 2531 Nam
2396 2466 2783 2551 Lactantius
2828 2465 2958 2531 Ne·

582 2577 838 2642 ‚mesius
872 2575 1253 2641 Ambrosius
1301 2574 1526 2642 dicunt
1571 2575 1751 2659 cibos
1798 2574 2023 2655 lingua
2070 2573 2375 2639 dentibus
2421 2573 2642 2654 colligi
2689 2577 2757 2638 et
2786 2590 2953 2637 com·

601 2684 792 2765 mitti,
856 2701 1002 2748 cum
1047 2681 1337 2747 Galenus
1399 2682 1572 2747 idem
1633 2699 1865 2746 munus
1924 2681 2233 2746 musculis
2292 2680 2817 2746 masticatoribus
2863 2686 2958 2745 at-

592 2791 861 2857 tribuat.
966 2790 1088 2854 Vel
1149 2807 1232 2854 ex
1289 2789 1413 2854 hoc
1473 2788 1777 2853 dissensu
1837 2788 2185 2853 concludas
2247 2785 2569 2853 Galenum
2625 2786 2955 2852 Ambrosii

578 2904 926 2964 auctorem
971 2914 1101 2961 non
1150 2914 1315 2961 esse.
1363 2929 1452 2939 —
2442 2884 2448 2887 ’

777 3004 1132 3083 Postquam
1177 3004 1343 3069 haec
1388 3002 1685 3082 exempla
1732 3002 2092 3068 docuerunt
2138 2999 2456 3067 Galenum
2502 3001 2571 3065 in
2616 2999 2723 3066 his
2768 3000 2957 3065 libris

599 3127 1077 3190 nonnumquam
1125 3128 1208 3175 ex
1253 3109 1453 3174 simili
1497 3108 1680 3173 fonte
1728 3108 1942 3174 Stoico
1986 3108 2289 3174 hausisse
2336 3116 2532 3187 atque
2580 3107 2956 3173 Ciceronem

598 3218 1028 3284 Lactantium'
1049 3216 1106 3281 N
1111 3217 1421 3282 emesium
1453 3215 1887 3292 Ambrosium,
1922 3216 2051 3281 iam
2083 3215 2391 3296 pervenio
2425 3214 2503 3280 ad
2540 3233 2688 3280 eum
2719 3214 2955 3280 Galeni

579 3332 972 3407 tractatum,
1022 3340 1147 3402 quo
1192 3322 1524 3388 Lactantii
1573 3327 1641 3387 et
1687 3322 2018 3388 Ambrosii
2068 3327 2286 3404 partes
2334 3339 2531 3403 supra
2577 3322 2955 3403 designatas

601 3433 808 3499 artius
855 3430 1341 3511 coniungendas
1399 3448 1547 3495 esse
1595 3436 1662 3494 et
1708 3448 1794 3495 ex
1842 3428 2057 3495 Stoico
2106 3436 2368 3494 auctore
2413 3428 2683 3493 fluxisse
2731 3428 2957 3494 confir-

602 3543 831 3605 matur.
921 3538 998 3603 In
1046 3538 1170 3602 hac
1216 3552 1470 3616 quoque
1525 3555 1598 3601 re
1647 3535 2058 3618 expedienda
2113 3536 2494 3602 observabis
2540 3535 2717 3601 iuter
2764 3533 2957 3601 Gale·

601 3666 754 3711 num
811 3652 880 3711 et
925 3644 1336 3711 Ambrosium
1399 3644 1594 3727 louge
1657 3644 1853 3709 aliam
1917 3643 2233 3708 rationem
2294 3643 2702 3708 intercedere
2760 3650 2959 3723 atque

599 3756 701 3819 eis
746 3754 927 3836 locis,
974 3752 1210 3832 quibus
1257 3752 1426 3817 alter
1471 3752 1554 3816 ab
1601 3740 1808 3817 altero
1854 3751 2114 3831 pendet.
2187 3748 2315 3815 Ubi
2362 3750 2529 3814 enim
2576 3750 2957 3816 Ambrosius

587 3860 929 3928 ·Galenum
988 3848 1200 3940 ipsum
1256 3868 1517 3924 secutus
1590 3864 1712 3939 est,
1779 3876 1865 3923 ex
1910 3876 2037 3923 uuo
2099 3857 2380 3935 auctoris
2438 3856 2651 3937 capite
2698 3864 2959 3922 senten-

513 3958 518 3962 ’
592 3968 843 4033 -tiarum
891 3985 1035 4032 cum
1085 3983 1349 4031 sensum
1393 3970 1534 4029 tum
1580 3965 1782 4030 verba
1829 3964 2123 4045 arripuit,
2188 3982 2334 4029 cum
2377 3964 2447 4027 in
2495 3966 2591 4041 eis
2642 3966 2955 4047 partibuS,

585 4092 766 4155 -quas
829 4074 1180 4139 collaturus
1245 4090 1407 4151 sum,
1474 4064 1655 4136 nulla
1716 4071 2059 4154 consensio
2122 4070 2651 4152 deprehendatur
2706 4072 2834 4137 nisi
2890 4072 2959 4137 in

604 4185 802 4249 rebus
846 4181 929 4266 ad
977 4179 1338 4246 Stoicorum
1389 4179 1726 4261 physicam
1773 4170 2089 4245 rationem
2136 4168 2605 4260 spectantibus.
2698 4177 2828 4244 Sed
2874 4178 2959 4243 ad

519 4284 522 4289 ’
585 4285 750 4372 *ipsa
795 4280 1096 4369 exempla
1141 4286 1627 4355 descendamus,

747 4391 751 4397 ’
786 4381 1022 4461 Galeni
1064 4393 1234 4492 libro
1289 4393 1484 4460 tertio
1532 4392 1614 4459 de
1660 4391 1935 4475 pedibus
1982 4380 2217 4475 agitur.
2309 4382 2691 4484 Priusquam
2741 4398 2962 4459 autem
