3425 5167
1555 460 1997 527 „58ss

775 644 1153 722 Postquam·
1203 661 1286 708 ex
1353 642 1788 723 compluribus
1882 640 2198 722 exemplis
2284 640 2701 721 cognovimus
2774 638 2965 705 inter

590 750 1008 815 Lactantium
1054 756 1124 815 et
1167 749 1580 815 Ambrosium
1629 748 1891 829 saepius
1947 752 2244 828 apertum
2304 764 2688 813 consensum
2748 746 2949 811 inter·

593 858 846 939 cedere,
896 857 1203 937 colligere
1250 857 1407 921 licet
1435 857 1557 922 has
1589 856 2229 938 scriptorum²partes
2274 860 2417 921 arte
2461 854 2656 922 inter·
2682 872 2753 919 se
2796 870 2952 919 con-

591 964 956 1046 iungendas
1007 982 1174 1045 esse,
1227 963 1614 1045 praesertim
1670 981 1816 1028 cum
1872 964 2086 1029 omnia
2130 962 2430 1043 exempla
2475 979 2557 1027 ex
2601 960 2959 1027 Ambrosio

591 1072 777 1136 modo
841 1071 1041 1136 allata
1105 1072 1200 1136 eis
1256 1070 1417 1136 locis
1477 1069 1916 1151 inveniantur,
1980 1069 2212 1150 quibus
2275 1069 2559 1150 scriptor
2607 1087 2646 1132 a
2693 1066 2959 1133 Galeno

591 1184 660 1244 et
706 1178 979 1260 Apuleio
1027 1178 1396 1243 auctoribus
1443 1176 1739 1243 discedit.
1832 1176 1995 1241 Nam
2026 1176 2385 1258 perspicias
2417 1191 2655 1254 quaeso
2688 1191 2950 1257 paragr..

591 1284 877 1367 66—70,
934 1285 1004 1350 in
1058 1285 1293 1364 quibus
1342 1284 1721 1349 Ambrosius
1779 1285 2156 1365 plerumque
2208 1282 2559 1363 Apuleium
2615 1286 2951 1348 auctorem

587 1391 874 1472 respicit.
911 1436 918 1443 -
967 1391 1097 1457 Sed
1144 1392 1256 1457 ubi
1287 1392 1367 1455 ab
1401 1392 1715 1472 exemplis
1750 1391 2130 1472 Apuleianis
2176 1390 2445 1471 recedit,
2494 1406 2753 1470 semper
2798 1406 2941 1453 cum

585 1498 931 1564 Lactantio
978 1499 1324 1581 conspirat.
1415 1498 1605 1565 Unde
1635 1516 1754 1563 nos
1786 1500 2027 1580 optimo
2054 1499 2194 1564 iure
2226 1497 2609 1564 concludere
2640 1495 2956 1561 existimo

587 1606 757 1670 hanc
825 1605 1181 1671 doctrinam
1243 1624 1326 1672 ex
1387 1606 1704 1671 communi
1782 1605 1964 1671 fonte
2036 1606 2117 1671 ad
2179 1604 2593 1671 Lactantium
2658 1609 2729 1669 et
2788 1606 2946 1669 Am·-

587 1713 874 1777 brosium
919 1712 1306 1800 manavisse.
1399 1712 1580 1796 Quae
1636 1730 1784 1777 cum·
1838 1713 1933 1777 ita
1988 1713 2139 1794 sint,
2198 1712 2393 1778 etiam
2448 1710 2654 1777 facile·
2687 1712 2950 1779 intelle-

586 1820 766 1902 gitur
825 1838 940 1885 cur
1006 1820 1180 1885 inter
1244 1819 1655 1885 Lactantium
1721 1828 1787 1885 et
1853 1820 2262 1885 Ambrosium
2326 1820 2521 1901 longe
2586 1818 2717 1884 alia
2771 1820 2955 1885 ratio
3049 1880 3057 1887 .

585 1927 955 1992 intercedat
999 1933 1196 2007 atque
1252 1926 1425 1992 inter
1470 1928 1883 1993 Ambrosium
1934 1933 2001 1994 et
2046 1924 2366 1993 Galenum
2420 1927 2527 1992 vel
2572 1927 2949 2009 Apuleium,

589 2035 972 2113 quibuscum
1019 2034 1131 2099 ille
1178 2051 1376 2115 saepe
1423 2033 1506 2097 ad
1561 2037 1832 2100 verbum
1879 2034 2196 2115 congruit.
2289 2034 2536 2098 Tantus
2584 2052 2951 2100 consensus-

587 2140 757 2222 apud
789 2140 1204 2206 Lactantium
1245 2148 1312 2205 et
1351 2142 1763 2206 Ambrosium
1809 2159 2156 2222 numquam
2186 2141 2692 2221 deprehenditur
2727 2158 2947 2222 neque
3024 2198 3029 2203 .

589 2247 907 2329 postulari
952 2253 1187 2330 potest,
1237 2248 1406 2328 quod
1453 2251 1804 2330 scriptores
1850 2249 1974 2331 ipsi
2031 2250 2206 2315 inter
2250 2268 2323 2315 se
2384 2267 2511 2314 non
2567 2248 2946 2331 cohaerent,

588 2354 702 2421 sod
773 2355 855 2420 ad
932 2372 1332 2420 communem
1410 2361 1737 2420 auctorem
1808 2355 2102 2422 redeunt.
2208 2355 2349 2439 Quo
2410 2373 2608 2420 sensu
2684 2360 2752 2420 et
2808 2372 2951 2436 qua¹

585 2463 838 2528 ratione
882 2462 992 2526 hic
1038 2460 1119 2527 de
1167 2462 1453 2544 corporis
1507 2467 1745 2527 natura
1792 2463 2005 2545 egerit
2054 2482 2186 2529 non
2243 2460 2507 2527 difficile
2562 2468 2666 2528 est
2711 2462 2935 2529 diiudi-

586 2576 753 2635 catu.
853 2569 958 2635 Ex
1002 2570 1344 2644 Ambrosio
1393 2568 1565 2636 enim
1612 2584 1810 2651 supra
1856 2570 2285 2635 conclusimus
2346 2588 2458 2635 eas
2514 2569 2948 2650 expositionis

589 2681 826 2757 partes.
890 2694 1058 2758 quae
1119 2695 1331 2757 neque
1389 2665 1472 2743 ex
1518 2675 1768 2742 Galeno
1824 2694 2035 2756 neque
2092 2676 2493 2757 ex‘Apuleio
2556 2675 2949 2763 desumptae

585 2790 757 2866 sunt,
805 2784 946 2851 fere
992 2803 1214 2851 omnes
1263 2802 1346 2849 ex
1391 2782 1603 2849 Stoico
1651 2788 1913 2849 auctore
1958 2784 2228 2849 haustas
2275 2802 2440 2849 esse.
2530 2784 2713 2849 Bene
2759 2784 2935 2848 cadit
3001 2832 3009 2839 .

529 2940 546 2951 .
585 2892 754 2970 quod
812 2892 1067 2957 Brandt
1127 2892 1208 2957 de
1263 2890 1447 2957 fonte
1509 2910 1731 2956 eorum
1776 2891 2105 2981 Lactantii
2163 2892 2467 2972 locorum,
2526 2908 2684 2971 quos
2746 2889 2947 2955 modo

585 3017 672 3064 ex
716 3016 896 3080 capp.
961 2998 1022 3081 5,
1082 2996 1143 3081 8,
1195 2998 1283 3063 10
1343 2998 1698 3081 attulimuS‚
1762 2998 1904 3063 fere
1964 2998 2135 3092 idem
2199 2998 2461 3079 cogitat.
2553 2997 2736 3063 Haec
2796 2998 2941 3079 ipsa

585 3105 760 3169 enim
807 3105 1024 3185 capita
1069 3105 1446 3171 Hermetico
1493 3105 1589 3169 illi
1637 3106 1883 3171 auctori
1933 3105 2247 3187 assignat,
2305 3106 2414 3185 qui
2462 3104 2710 3170 Stoicos
2756 3123 2945 3170 secu·

583 3218 690 3275 tus
755 3211 1042 3292 corporis
1113 3213 1395 3292 partium
1461 3212 1809 3277 utilitatem
1867 3220 1933 3278 et
1984 3211 2525 3294 pulchritudinem
2575 3211 2952 3293 descripsitoe

584 3319 818 3398 ltaque
851 3336 1039 3383 nemo
1070 3318 1197 3383 nisi
1232 3318 1485 3384 Stoicus
1524 3316 1752 3384 auctor
1781 3320 1849 3383 in
1883 3338 2147 3385 censum
2184 3319 2386 3401 venit,
2421 3318 2523 3385 cui
2556 3318 2951 3384 Lactantius

584 3430 652 3489 et
688 3426 1071 3491 Ambrosius
1117 3425 1546 3491 eruditionem
1591 3431 1725 3490 tam
1774 3427 2049 3492 similem
2091 3430 2159 3492 et
2216 3431 2556 3514 cognatam
2589 3426 2848 3491 debent.
2906 3472 2913 3479 .

763 3531 962 3595 Nobis
1024 3532 1120 3596 ita
1179 3532 1614 3598 iudicantibus
1647 3534 1843 3598 ”alius
1861 3549 1869 3575 ²
1907 3535 2186 3614 scriptor
2218 3533 2577 3614 succurrit,
2632 3533 2737 3612 qui
2786 3531 2949 3597 huic

583 3638 948 3705 sententiae
978 3638 1109 3703 vim
1145 3646 1213 3704 et
1243 3638 1718 3706 firmamentum
1760 3639 1994 3706 adfert.
2056 3637 2450 3706 Observavit
2481 3640 2651 3704 enim
2683 3639 2945 3705 Brandt

583 3744 780 3810 etiam
845 3742 1165 3811 Galenum
1228 3748 1294 3811 in
1358 3745 1547 3813 libris
1615 3746 1697 3811 de
1761 3765 1882 3811 usu
1944 3746 2227 3827 partium
2286 3746 2568 3828 scriptis,
2633 3764 2791 3826 quos
2853 3746 2945 3811 ad,

582 3852 911 3915 Ambrosii
959 3852 1174 3918 fontes
1221 3852 1711 3934 investigandos
1758 3853 1888 3917 iam
1934 3871 2130 3933 supra
2175 3851 2607 3936 adhibuimus,
2654 3853 2752 3919 -de
2798 3870 2937 3919 cor-

582 3958 756 4038 poris
825 3963 1060 4022 natura
1127 3959 1452 4023 nonnullis
1527 3960 1688 4025 locis
1758 3958 1955 4024 simili
2020 3959 2277 4025 ratione
2346 3959 2670 4025 disserere
2738 3964 2946 4040 atque

580 4065 992 4131 Lactantium
1017 4064 1079 4147 ¹).
1115 4108 1118 4113 -
1196 4064 1386 4132 Unde
1465 4066 1853 4132 Brandtium
1940 4071 2119 4132 recte
2204 4066 2549 4147 collegisse
2634 4066 2948 4133 existimo

579 4169 904 4239 Galenum
950 4190 1422 4252 nonnumquam
1490 4181 1766 4255 cognato
1821 4174 2002 4239 fonte
2050 4172 2266 4239 Stoico
2312 4192 2500 4239 usum
2546 4192 2710 4239 esse.
2803 4172 2943 4239 Sed

761 4382 800 4449 ¹)
841 4381 908 4436 cf.
943 4382 1158 4435 Brandt
1195 4381 1230 4434 1.
1273 4400 1314 4435 c.
1353 4398 1404 4449 p.
1444 4384 1566 4447 259,
1605 4384 1728 4437 261.
