3425 5167
1522 449 1787 512 ...22
1881 486 1959 495 --

566 628 948 694 Ambrosius
1013 628 1247 694 Galeni
1328 633 1676 694 tractatum
1754 629 1977 709 paucis
2056 628 2569 709 digressionibus
2630 628 2925 709 exceptis

568 754 694 801 non
762 735 944 801 modo
1007 755 1134 801 non
1184 735 1622 817 amplificavit,
1687 736 1803 800 sed
1867 733 2029 801 adeo
2075 735 2142 800 in
2191 736 2529 817 angustius
2568 734 2802 814 coegit,
2850 740 2927 800 ut

564 860 801 910 sensus
847 843 994 924 plus
1043 842 1246 909 semel
1291 844 1602 909 obscurus
1649 844 1754 908 sit.
1842 843 2008 909 Nam
2056 844 2357 925 perlegas
2404 860 2641 923 quaeso
2689 841 2923 909 Galcni

557 949 992 1029 expositionis
1037 952 1291 1015 ratione
1339 968 1462 1015 non
1510 951 1739 1016 habita
1786 950 2112 1015 Ambrosii
2159 953 2382 1032 verba,
2432 950 2543 1015 ubi
2590 949 2671 1014 de
2701 949 2922 1015 nervis

568 1074 874 1122 sensuum
939 1056 1361 1122 internuntiis
1431 1059 1681 1123 locutus
1737 1057 1990 1138 pergit:
2064 1058 2275 1138 „quod
2346 1058 2519 1123 enim
2581 1057 2773 1122 molle
2841 1056 2923 1120 ad

569 1162 1080 1244 compassionem
1143 1165 1377 1245 aptius,
1450 1164 1616 1243 quod
1687 1172 1904 1230 autem
1982 1164 2205 1228 durum
2284 1184 2366 1230 ex
2424 1164 2640 1244 aliquo
2708 1163 2925 1245 rigore

570 1287 916 1335 nervorum
963 1271 1046 1334 ad
1092 1271 1414 1351 agendum
1463 1270 1855 1337 efficaciusf‘
1950 1270 2121 1354 Quid
2168 1273 2291 1337 hoc
2338 1272 2460 1336 sibi
2513 1269 2696 1336 vult?
2766 1269 2925 1335 Cum

571 1377 953 1443 Ambrosius
998 1396 1125 1443 non
1174 1378 1374 1443 addat
1420 1379 1542 1442 duo
1589 1394 1935 1444 nervorum
1982 1397 2229 1461 genera
2276 1397 2440 1460 esse,
2492 1397 2757 1458 quorum
2814 1377 2926 1441 alii

571 1482 718 1549 aliis
789 1484 1152 1567 funguntur
1221 1486 1615 1567 muneribu8‚
1706 1486 1881 1551 illius
1952 1486 2273 1552 enuntiati
2342 1503 2572 1550 sensus
2643 1504 2722 1550 ex
2792 1484 2928 1549 solo

572 1592 914 1657 Ambrosio
962 1593 1424 1673 comprehendi
1468 1612 1596 1657 non
1643 1599 1880 1675 potest.
1958 1593 2189 1673 Itaque
2247 1594 2369 1657 hoc
2416 1610 2668 1673 quoque
2715 1609 2926 1656 exem·

573 1698 749 1779 plum
819 1697 1012 1764 docet
1101 1700 1510 1765 Ambrosium
1600 1710 1929 1765 auctorem
2016 1701 2110 1765 ita
2194 1702 2509 1764 imitatum
2600 1716 2768 1779 esse,
2856 1706 2930 1763 ut

571 1806 916 1871 nonnullas
978 1804 1212 1872 Galeni
1283 1808 1714 1873 enarrationis
1782 1815 2001 1886 partes
2056 1808 2196 1872 fere
2264 1807 2579 1889 integras,
2658 1804 2772 1871 sed
2851 1824 2930 1871 ex

571 1913 1046 1977 sententiarum
1093 1932 1263 1979 nexu
1312 1915 1555 1979 solutas
1604 1915 1668 1977 in
1720 1933 1905 1979 suum
1957 1933 2139 1979 usum
2187 1920 2615 1979 converteret.

755 2017 1003 2101 Quibus
1052 2022 1344 2101 probatis
1397 2040 1740 2103 pergamus
1788 2041 1883 2095 ca,
1936 2040 2127 2101 quam
2174 2020 2458 2101 ingressi
2506 2038 2747 2098 summ,
2804 2020 2926 2085 via.

574 2123 785 2206 Supra
849 2127 1128 2191 vidimus
1196 2128 1514 2194 Galenuui
1579 2148 1660 2193 ex
1721 2136 1862 2193 tota
1923 2128 2485 2209 argumentatione
2546 2126 2930 2192 concludere

575 2233 915 2298 cerebrum
977 2240 1242 2315 propter
1289 2237 1505 2300 oculos
1565 2236 1630 2298 in
1697 2235 1912 2316 capite
1960 2236 2381 2300 constitutum
2429 2251 2594 2314 esse,
2643 2232 2929 2313 reliquos

575 2348 794 2404 autem
865 2358 1096 2405 sensus
1165 2350 1426 2421 propter
1489 2345 1845 2407 cerebrum.
1951 2340 2243 2406 Eandem
2305 2341 2670 2420 opinionem
2706 2342 2929 2405 etiam

575 2447 958 2513 Ambrosius
1007 2447 1244 2513 Galeni
1292 2450 1509 2514 verbis
1557 2467 1712 2513 usus
1762 2451 2139 2529 comprobat
2182 2449 2304 2513 hoc
2352 2448 2563 2513 modo:

691 2595 695 2602 -
765 2552 991 2621 Galen.
1040 2575 1098 2637 p.
1148 2553 1516 2621 635-636.
1749 2553 1752 2559 '
2100 2556 2393 2620 Ambros.
2444 2550 2481 2638 ξ
2528 2554 2635 2620 61.

668 2671 736 2738 τὸ
788 2670 860 2749 ἒξ
901 2673 1098 2765 ἀρχῆς
1143 2675 1698 2764 ζητούμενονῆδη
2238 2712 2241 2715 ’

577 2788 787 2865 πέρας
834 2779 980 2862 ἔχει.

667 2894 972 2973 φαίνεται
1019 2886 1135 2973 γὰρ
1182 2886 1218 2953 ὅ
1261 2892 1386 2973 μὲν
1435 2888 1698 2975 ἐγκέφα-
1739 2906 1743 2909 ’

577 2998 685 3070 λος
730 2994 800 3061 ἐν
845 3001 929 3079 τῃ·
965 2999 1213 3084 κεφαλῇ
1243 2997 1561 3079 τετάχθαι
1591 2994 1695 3063 διὰ

579 3108 730 3177 τοὺς
775 3103 1177 3189 ὀφθαλμούς,
1274 3103 1545 3170 ἕκαστον
1628 3105 1699 3169 δὲ

580 3222 708 3274 τῶν
751 3209 992 3276 ἄλλων
1072 3212 1520 3299 αἰσθητηρίων
1589 3207 1698 3275 διὰ

579 3313 693 3381 τὸν
741 3315 1112 3402 ἐγκέφαλον.
1151 3352 1156 3357 ’

1897 2894 2129 2973 Itaque
2157 2901 2425 2975 propter
2457 2894 2676 2958 oculos
2714 2893 2935 2959 ferunt

1809 3000 2109 3067 medendi
2170 3000 2366 3082 periti
2426 3002 2764 3066 cerebrum
2824 3002 2929 3064 ho·

1811 3108 2001 3172 minis
2048 3108 2115 3171 in
2164 3108 2376 3188 capite
2421 3108 2720 3187 locatum,
2769 3106 2931 3171 alios

1813 3226 2026 3279 autem
2089 3214 2295 3279 nostri
2358 3214 2642 3294 corporis
2699 3232 2930 3278 sensus

1814 3331 2078 3402 propter
2110 3322 2446 3387 cerebrum
2481 3320 2754 3385 finitimo
2782 3339 2929 3401 quo-

1754 3405 1763 3513 Ι
1814 3427 1959 3491 dam
1987 3445 2135 3492 esse
2174 3426 2933 3492 domicilioconstitutos,

761 3533 884 3618 Qui
950 3535 1084 3600 sint
1143 3535 1241 3599 illi
1307 3535 1608 3601 medendi
1671 3536 1885 3615 periti,
1935 3552 2093 3613 quos
2144 3534 2522 3599 Ambrosius
2568 3540 2777 3599 testes
2826 3536 2933 3599 ad-

580 3650 791 3723 vocat,
841 3642 1034 3708 facile
1068 3642 1481 3723 perspicitur:
1530 3661 1719 3707 nemo
1766 3642 1892 3706 nisi
1931 3641 2239 3721 Galenus,
2290 3642 2396 3719 qui
2445 3640 2571 3705 iam
2605 3641 2933 3707 Ambrosii

585 3756 802 3815 aetate
865 3751 1038 3814 inter
1099 3768 1320 3815 omnes
1390 3749 1672 3815 medicos
1742 3748 2167 3829 principalem
2237 3748 2444 3811 locum
2516 3745 2933 3832 obtinebat1).

581 3856 813 3935 Itaque
884 3857 1286 3936 Ambrosius,
1366 3862 1438 3919 ut
1499 3856 1632 3920 suis
1709 3856 1930 3920 verbis
2001 3856 2254 3935 pondus
2326 3865 2393 3919 et
2460 3853 2934 3920 firmamentum

583 3962 800 4044 addat,
852 3962 1040 4026 unius
1087 3963 1472 4028 auctoritate
1520 3962 1805 4028 confisus
1854 3980 1926 4027 se
1964 3954 2240 4026 omnium
2277 3952 2669 4048 medicorum
2702 3962 2936 4044 dogma

581 4069 859 4136 reddere
906 4068 1080 4136 dicit.
2350 4068 2357 4075 '
2486 4068 2491 4074 ’

764 4226 804 4295 ¹)
865 4229 993 4281 Jam
1051 4227 1274 4281 Eusebii
1338 4227 1675 4295 temporibus
1739 4232 1918 4293 crant,
1980 4225 2087 4292 qui·
2130 4215 2355 4280 Galeno*
2411 4226 2630 4283 divinos
2705 4227 2937 4281 honores

584 4317 910 4383 tribuerent,
949 4316 1018 4370 cf.
1057 4317 1185 4372 Eua.
1227 4316 1372 4372 Hist.
1412 4315 1602 4374 eccles.
1644 4315 1708 4371 V.
1747 4318 1818 4367 28
1859 4312 2117 4386 Γαληνὸς
2148 4310 2255 4391 γὰρ
2307 4318 2433 4377 ἴσως
2482 4313 2590 4371 ὕπὸ
2642 4323 2804 4370 τινῶν
2841 4318 2936 4369 καὶ

586 4413 992 4481 προσκυνεῖται.
