3425 5167
504 640 797 721 proxima
872 641 1284 723 paragrapho
1360 641 1667 707 convenit
1742 641 1896 729 (71),
1974 642 2086 707 ubi
2146 644 2603 710 intestinorum
2673 662 2858 709 usum

504 748 748 829 laudat,
809 766 1073 828 quorum
1123 748 1558 815 voluminibus
1617 748 1684 813 in
1734 767 1806 815 se
1851 750 2275 815 redeuntibus
2322 752 2470 833 cibi,
2517 769 2602 817 ne
2648 752 2775 816 cito
2823 772 2861 816 a

504 856 832 921 stomacho
872 856 1250 937 decurrant,
1312 855 1737 936 providenter
1800 855 2311 941 impediantur1).
2403 858 2660 925 Deinde
2729 860 2861 939 (72)

505 963 888 1027 Ambrosius
935 964 1201 1044 exponit
1245 964 1442 1029 etiam
1474 962 1636 1027 illud
1685 980 1770 1028 ex
1798 966 2175 1029 transverso
2208 965 2445 1029 ostium
2483 971 2553 1030 et
2581 966 2860 1031 hominis

499 1069 745 1150 inguen
797 1071 1002 1136 locum
1050 1078 1186 1135 tam
1234 1076 1457 1151 aptum
1502 1076 1753 1152 tenere,
1820 1077 1893 1134 ut
1954 1088 2173 1136 eorum
2221 1081 2487 1151 aspectu
2555 1072 2723 1137 oculi
2770 1074 2855 1138 in-

512 1177 766 1257 quinari
826 1196 950 1242 non
1017 1177 1286 1258 possint.
1395 1174 1646 1259 Quibus
1709 1177 2034 1256 expeditis
2114 1184 2379 1243 enarrat
2454 1176 2596 1263 (73)
2673 1198 2864 1259 quam

509 1288 677 1349 bone
756 1303 960 1350 venae
1039 1292 1106 1349 et
1181 1302 1330 1349 ossa
1405 1285 1771 1350 visceribus
1848 1292 2281 1367 contegantur
2344 1292 2411 1351 et
2473 1286 2863 1367 operiantur.

513 1391 694 1473 Quod
743 1392 804 1454 in
857 1392 1083 1456 eadem
1133 1398 1320 1472 parte
1368 1391 1526 1455 dicit
1572 1392 1770 1456 etiam
1839 1400 2031 1472 caput
2076 1393 2257 1457 tenui
2305 1401 2453 1457 cute
2501 1400 2568 1458 et
2614 1395 2866 1474 capillis

511 1500 824 1563 adversus
891 1498 1018 1562 vim
1079 1499 1379 1564 imbrium
1444 1505 1511 1563 et
1576 1498 1841 1580 frigoris
1888 1506 2131 1564 tectum
2193 1517 2358 1579 esse,
2426 1500 2587 1566 sat-is
2634 1502 2866 1565 mirum

511 1624 659 1671 esse
723 1624 976 1686 censo0,
1057 1624 1206 1670 nam
1269 1624 1465 1686 supra
1531 1602 1590 1689 (ξ
1669 1602 1782 1689 56)
1851 1604 2024 1671 idem
2096 1607 2397 1672 similiter
2466 1618 2867 1686 exposuerat.

513 1714 811 1791 Denique
859 1712 1242 1793 genitalium
1288 1730 1471 1777 usum
1521 1714 1603 1776 ad
1636 1713 2105 1792 procreandum
2141 1714 2475 1795 describit,
2526 1733 2865 1794 quamqam

515 1819 1022 1900 exspectandum
1071 1827 1232 1896 erat,
1303 1828 1372 1883 ut
1433 1820 1515 1886 de
1576 1822 1701 1885 hac
1762 1840 1835 1885 re
1900 1822 2115 1902 potius
2181 1822 2246 1885 in
2306 1822 2714 1903 paragrapho
2748 1823 2868 1915 52,

514 1926 628 1992 ubi
692 1926 772 1992 de
832 1927 1102 2007 inguine
1162 1927 1414 1992 locutus
1479 1933 1640 2007 erat,
1705 1937 1950 2009 ageret.
2057 1926 2293 2007 Itaque
2354 1928 2419 1994 in
2484 1930 2609 1993 hac
2685 1935 2871 2007 parte

515 2045 732 2097 rerum
779 2033 934 2099 ordo
980 2034 1243 2115 paulum
1291 2032 1590 2099 turbatu's
1640 2052 1788 2101 esse
1836 2034 2112 2100 videtur.
2160 2070 2249 2080 —
2295 2035 2373 2099 In
2421 2036 2647 2100 ultima
2680 2034 2871 2099 huius

520 2139 977 2221 descriptionis
1045 2142 1451 2221 paragrapho
1517 2138 1676 2224 (74),
1749 2142 1856 2206 ubi
1925 2142 2006 2206 de
2069 2142 2343 2222 pedibus
2391 2141 2698 2223 disputat,
2764 2158 2871 2205 res

521 2257 834 2313 tractatas
881 2249 1228 2328 plerasque
1276 2266 1358 2313 ex
1403 2248 1589 2312 libris
1641 2250 1845 2314 sacris
1894 2247 2275 2332 desumpsit,
2323 2248 2452 2313 nisi
2500 2248 2667 2329 quod
2716 2248 2876 2313 dicit

516 2362 696 2421 recte
741 2356 1107 2420 hominibus
1157 2355 1335 2437 duos,
1383 2355 1542 2420 feris
1609 2375 1685 2421 ac
1737 2356 1942 2421 beluis
1991 2363 2359 2437 quaternos,
2410 2356 2639 2422 avibus
2689 2354 2873 2420 binos

523 2480 670 2527 esse
747 2462 963 2542 pedes.
1088 2462 1247 2527 Cum
1328 2464 1450 2529 hoc
1537 2464 1676 2529 loco
1756 2464 1953 2529 addat
2041 2462 2199 2528 illud
2284 2463 2566 2545 ‚,recte“,
2645 2472 2875 2543 aperte

520 2568 886 2634 hominibus
957 2589 1100 2635 cum
1174 2570 1381 2635 ‘beluis
1455 2572 1848 2652 comparatis
1923 2571 2178 2636 illorum
2253 2570 2722 2650 praestantiam
2782 2570 2875 2632 in-

526 2676 744 2741 dicare
793 2678 946 2741 vult.
994 2713 1082 2721 —

699 2802 1054 2881 Postquam
1131 2822 1210 2867 ex
1288 2803 1409 2868 hoc
1487 2808 1838 2883 conspectu
1926 2803 2387 2884 intelleximuS,
2481 2821 2604 2882 quo
2692 2801 2876 2867 modo

527 2909 806 2989 scriptor
853 2910 1192 2973 materiam
1240 2909 1648 2974 distribuerit
1695 2919 1763 2975 et
1810 2929 1999 2989 quam
2057 2911 2373 2975 rationem
2406 2910 2486 2973 ‘in
2535 2910 2876 2975 scribendo

533 3024 794 3079 secutus
842 3018 950 3095 sit,
1000 3034 1118 3079 nos
1167 3014 1248 3079 de
1295 3015 1582 3079 fontibus
1631 3017 1874 3080 maiore
1906 3015 2033 3079 fide
2076 3016 2363 3080 iudicare
2405 3034 2591 3096 posse
2624 3034 2877 3081 censeo,

530 3122 692 3186 Nam
739 3121 1017 3188 vidimus
1067 3140 1211 3185 eum
1259 3122 1339 3188 de
1386 3122 1707 3188 industria
1754 3123 1823 3186 id
1864 3141 2083 3203 agere,
2132 3128 2205 3186 ut
2252 3123 2545 3204 singulas
2594 3122 2879 3203 corporis

529 3235 754 3310 partes
802 3229 1162 3293 tutissimas
1210 3236 1279 3296 et
1323 3229 1704 3295 utilissimas
1754 3249 1901 3296 esse
1949 3231 2442 3295 demonstraret.
2524 3230 2687 3294 Aliis
2718 3229 2879 3294 locis

529 3338 822 3401 homines
887 3338 1145 3402 ceteris·
1189 3337 1624 3402 animantibus
1666 3338 1996 3423 ‘opposuit
2058 3346 2125 3403 et
2189 3338 2335 3402 illos
2382 3338 2583 3402 multo
2631 3336 2880 3401 anteire

534 3443 776 3507 diserte
855 3443 1245 3522 explanavit.
1369 3444 1666 3523 Denique
1753 3446 2135 3509 Ambros1us
2213 3446 2283 3508 in
2360 3451 2497 3509 tota
2573 3445 2697 3509 hac
2772 3460 2879 3508 ex-

531 3550 850 3631 positione
898 3568 973 3614 eo
1005 3550 1308 3631 intendit,
1356 3558 1430 3615 ut
1475 3550 1755 3615 hominis
1786 3558 2085 3616 naturam
2119 3570 2307 3629 quam
2342 3550 2882 3630 perfectissimam

532 3657 850 3723 ostendat.
942 3655 1342 3739 Quamquam
1387 3659 1553 3723 haec
1599 3657 1928 3723 scribendi
1987 3658 2153 3722 ratio
2202 3659 2478 3722 maxime
2526 3656 2883 3722 Stoicorum

533 3765 811 3829 naturali
863 3765 1145 3843 opinioni
1195 3762 1630 3848 respondet2)‚
1681 3775 1899 3829 tamen
1948 3764 2226 3844 scriptor
2259 3763 2693 3843 compluribus
2724 3764 2883 3828 locis

695 3981 753 4043 ·1)
791 3976 929 4029 Tim.
973 3978 1038 4028 73
1058 3977 1124 4028 A.

714 4062 760 4130 2)
799 4065 1162 4131 comparandi
1209 4080 1374 4119 causa
1426 4065 1673 4120 conferas
1728 4065 1902 4119 velim·
1942 4064 2220 4119 Ciceronis
2276 4064 2343 4118 de
2398 4063 2633 4118 hominis
2687 4068 2888 4117 natura

537 4159 841 4209 tractatum
882 4152 1140 4219 Stoicum,
1179 4171 1335 4221 quem
1376 4155 1456 4208 De
1497 4161 1609 4208 nat.
1649 4156 1795 4208 deor.
1836 4155 1893 4207 11
1934 4155 2213 4205 133-153
2252 4154 2496 4219 praebet.
2570 4151 2701 4207 Pari
2730 4152 2886 4205 modo

541 4254 705 4309 atque
737 4241 1078 4315 *Ambrosius
1141 4244 1480 4312 singularum
1549 4245 1789 4310 partium
1852 4260 1972 4313 cum
2028 4242 2493 4309 pulchritudinem
2556 4249 2675 4294 tum
2731 4257 2887 4295 usum

541 4334 918 4387 demonstrare
964 4332 1166 4387 studet.
1252 4333 1319 4387 cf.
1368 4332 1478 4385 Cic.
1527 4333 1608 4387 De
1655 4332 1747 4386 fin.
1796 4334 1883 4386 III
1936 4335 2025 4385 18:
2090 4332 2214 4385 Jam
2256 4324 2639 4396 membrorum,
2689 4330 2745 4382 id
2802 4338 2889 4384 est

545 4422 788 4491 partium
820 4421 1077 4487 corporiS,
1117 4421 1230 4475 alia
1267 4422 1525 4475 videntur
1561 4430 1785 4489 propter
1823 4438 2001 4476 corum
2042 4436 2197 4474 usum
2236 4438 2265 4471 a
2304 4427 2505 4473 natura
2524 4435 2643 4474 esse
2668 4420 2891 4485 donata,
