<?xml version="1.0" encoding="UTF-8"?>
<!DOCTYPE html PUBLIC "-//W3C//DTD XHTML 1.0 Transitional//EN"
    "http://www.w3.org/TR/xhtml1/DTD/xhtml1-transitional.dtd">
<html xmlns="http://www.w3.org/1999/xhtml" xml:lang="en" lang="en">
 <head>
  <title>
</title>
<meta http-equiv="Content-Type" content="text/html;charset=utf-8" />
  <meta name='ocr-system' content='tesseract 3.04.00' />
  <meta name='ocr-capabilities' content='ocr_page ocr_carea ocr_par ocr_line ocrx_word'/>
</head>
<body>
  <div class='ocr_page' id='page_1' title='image "./quibusexfontibu00gossgoog_0058.png"; bbox 0 0 3425 5167; ppageno 0'>
   <div class='ocr_carea' id='block_1_1' title="bbox 1523 482 1964 546">
    <p class='ocr_par' dir='ltr' id='par_1_1' title="bbox 1523 482 1964 546">
     <span class='ocr_line' id='line_1_1' title="bbox 1523 482 1964 546; baseline 0.005 -18"><span class='ocrx_word' id='word_1_1' title='bbox 1523 482 1964 546; x_wconf 76' lang='lat'>-56-</span> 
     </span>
    </p>
   </div>
   <div class='ocr_carea' id='block_1_2' title="bbox 565 661 2931 1925">
    <p class='ocr_par' dir='ltr' id='par_1_2' title="bbox 565 661 2931 1925">
     <span class='ocr_line' id='line_1_2' title="bbox 567 661 2927 745; baseline 0.001 -19"><span class='ocrx_word' id='word_1_2' title='bbox 567 680 688 726; x_wconf 85' lang='lat' dir='ltr'>sua</span> <span class='ocrx_word' id='word_1_3' title='bbox 767 662 1072 745; x_wconf 80' lang='lat' dir='ltr'>deprimit</span> <span class='ocrx_word' id='word_1_4' title='bbox 1161 669 1228 729; x_wconf 89' lang='lat' dir='ltr'>et</span> <span class='ocrx_word' id='word_1_5' title='bbox 1319 664 1707 728; x_wconf 73' lang='lat' dir='ltr'><strong>transmittit</strong></span> <span class='ocrx_word' id='word_1_6' title='bbox 1788 661 1868 727; x_wconf 88' lang='lat' dir='ltr'>ad</span> <span class='ocrx_word' id='word_1_7' title='bbox 1949 668 2282 729; x_wconf 87' lang='lat' dir='ltr'>ventrem“</span> <span class='ocrx_word' id='word_1_8' title='bbox 2367 664 2629 745; x_wconf 79' lang='lat' dir='ltr'>linguae</span> <span class='ocrx_word' id='word_1_9' title='bbox 2696 680 2927 728; x_wconf 89' lang='lat' dir='ltr'>munus</span> 
     </span>
     <span class='ocr_line' id='line_1_3' title="bbox 567 769 2929 850; baseline 0.001 -16"><span class='ocrx_word' id='word_1_10' title='bbox 567 770 897 834; x_wconf 89' lang='lat' dir='ltr'>simillimo</span> <span class='ocrx_word' id='word_1_11' title='bbox 1006 771 1197 835; x_wconf 90' lang='lat' dir='ltr'>modo</span> <span class='ocrx_word' id='word_1_12' title='bbox 1295 771 1661 837; x_wconf 82' lang='lat' dir='ltr'>describere</span> <span class='ocrx_word' id='word_1_13' title='bbox 1758 776 1953 850; x_wconf 87' lang='lat' dir='ltr'>atque</span> <span class='ocrx_word' id='word_1_14' title='bbox 2041 770 2416 837; x_wconf 81' lang='lat' dir='ltr'>Ciceronem</span> <span class='ocrx_word' id='word_1_15' title='bbox 2531 771 2599 835; x_wconf 88' lang='lat' dir='ltr'>in</span> <span class='ocrx_word' id='word_1_16' title='bbox 2712 769 2929 836; x_wconf 87' lang='lat' dir='ltr'>Stoico</span> 
     </span>
     <span class='ocr_line' id='line_1_4' title="bbox 565 875 2929 960; baseline 0.001 -21"><span class='ocrx_word' id='word_1_17' title='bbox 565 875 682 940; x_wconf 88' lang='lat' dir='ltr'>illo</span> <span class='ocrx_word' id='word_1_18' title='bbox 729 882 1010 941; x_wconf 89' lang='lat' dir='ltr'>tractatu</span> <span class='ocrx_word' id='word_1_19' title='bbox 1027 875 1104 960; x_wconf 90' lang='lat'>¹):</span> <span class='ocrx_word' id='word_1_20' title='bbox 1159 878 1520 957; x_wconf 82' lang='lat' dir='ltr'>„Dentibus</span> <span class='ocrx_word' id='word_1_21' title='bbox 1577 886 1795 943; x_wconf 89' lang='lat' dir='ltr'>autem</span> <span class='ocrx_word' id='word_1_22' title='bbox 1858 878 1925 941; x_wconf 93' lang='lat' dir='ltr'>in</span> <span class='ocrx_word' id='word_1_23' title='bbox 1987 895 2097 943; x_wconf 92' lang='lat' dir='ltr'>ore</span> <span class='ocrx_word' id='word_1_24' title='bbox 2145 879 2533 943; x_wconf 90' lang='lat' dir='ltr'>constructis</span> <span class='ocrx_word' id='word_1_25' title='bbox 2582 876 2929 942; x_wconf 83' lang='lat' dir='ltr'>manditur</span> 
     </span>
     <span class='ocr_line' id='line_1_5' title="bbox 569 980 2928 1066; baseline 0 -18"><span class='ocrx_word' id='word_1_26' title='bbox 569 991 767 1062; x_wconf 83' lang='lat' dir='ltr'>atque</span> <span class='ocrx_word' id='word_1_27' title='bbox 814 988 1202 1063; x_wconf 87' lang='lat' dir='ltr'>extenuatur</span> <span class='ocrx_word' id='word_1_28' title='bbox 1251 991 1318 1049; x_wconf 89' lang='lat' dir='ltr'>et</span> <span class='ocrx_word' id='word_1_29' title='bbox 1364 986 1625 1049; x_wconf 89' lang='lat' dir='ltr'>molitur</span> <span class='ocrx_word' id='word_1_30' title='bbox 1671 985 1855 1050; x_wconf 88' lang='lat' dir='ltr'>cibus</span> <span class='ocrx_word' id='word_1_31' title='bbox 1904 1032 1915 1046; x_wconf 89' lang='lat'><strong>.</strong></span> <span class='ocrx_word' id='word_1_32' title='bbox 1967 1034 1982 1048; x_wconf 92' lang='lat'><strong>.</strong></span> <span class='ocrx_word' id='word_1_33' title='bbox 2032 1036 2043 1047; x_wconf 90' lang='lat'><strong>.</strong></span> <span class='ocrx_word' id='word_1_34' title='bbox 2139 987 2352 1063; x_wconf 86' lang='lat' dir='ltr'><strong>Atque</strong></span> <span class='ocrx_word' id='word_1_35' title='bbox 2398 984 2455 1049; x_wconf 92' lang='lat' dir='ltr'>is</span> <span class='ocrx_word' id='word_1_36' title='bbox 2503 980 2928 1066; x_wconf 83' lang='lat' dir='ltr'>(stomachus)</span> 
     </span>
     <span class='ocr_line' id='line_1_6' title="bbox 568 1090 2929 1173; baseline 0.001 -20"><span class='ocrx_word' id='word_1_37' title='bbox 568 1090 928 1171; x_wconf 74' lang='lat' dir='ltr'>agitatione</span> <span class='ocrx_word' id='word_1_38' title='bbox 976 1097 1044 1157; x_wconf 90' lang='lat' dir='ltr'>et</span> <span class='ocrx_word' id='word_1_39' title='bbox 1089 1093 1368 1157; x_wconf 90' lang='lat' dir='ltr'>motibus</span> <span class='ocrx_word' id='word_1_40' title='bbox 1401 1093 1664 1173; x_wconf 80' lang='lat' dir='ltr'>linguae</span> <span class='ocrx_word' id='word_1_41' title='bbox 1699 1112 1842 1156; x_wconf 92' lang='lat' dir='ltr'>cum</span> <span class='ocrx_word' id='word_1_42' title='bbox 1876 1092 2215 1172; x_wconf 73' lang='lat' dir='ltr'>depulsum</span> <span class='ocrx_word' id='word_1_43' title='bbox 2264 1098 2331 1157; x_wconf 83' lang='lat' dir='ltr'>et</span> <span class='ocrx_word' id='word_1_44' title='bbox 2363 1092 2547 1172; x_wconf 84' lang='lat' dir='ltr'>quasi</span> <span class='ocrx_word' id='word_1_45' title='bbox 2596 1092 2929 1156; x_wconf 89' lang='lat' dir='ltr'>detrusum</span> 
     </span>
     <span class='ocr_line' id='line_1_7' title="bbox 570 1198 2930 1281; baseline -0.001 -18"><span class='ocrx_word' id='word_1_46' title='bbox 570 1198 786 1263; x_wconf 89' lang='lat' dir='ltr'>cibum</span> <span class='ocrx_word' id='word_1_47' title='bbox 855 1199 1130 1281; x_wconf 89' lang='lat' dir='ltr'>accepit,</span> <span class='ocrx_word' id='word_1_48' title='bbox 1202 1200 1528 1280; x_wconf 85' lang='lat' dir='ltr'>depellit.“</span> <span class='ocrx_word' id='word_1_49' title='bbox 1653 1200 2009 1265; x_wconf 90' lang='lat' dir='ltr'>Praeterea</span> <span class='ocrx_word' id='word_1_50' title='bbox 2082 1198 2331 1263; x_wconf 89' lang='lat' dir='ltr'>Brandt</span> <span class='ocrx_word' id='word_1_51' title='bbox 2399 1198 2679 1264; x_wconf 82' lang='lat' dir='ltr'>conferri</span> <span class='ocrx_word' id='word_1_52' title='bbox 2747 1198 2930 1263; x_wconf 90' lang='lat' dir='ltr'>iubet</span> 
     </span>
     <span class='ocr_line' id='line_1_8' title="bbox 570 1298 2928 1389; baseline -0.001 -22"><span class='ocrx_word' id='word_1_53' title='bbox 570 1303 855 1370; x_wconf 90' lang='lat' dir='ltr'>Nemesii</span> <span class='ocrx_word' id='word_1_54' title='bbox 903 1306 1134 1388; x_wconf 90' lang='lat' dir='ltr'>locum,</span> <span class='ocrx_word' id='word_1_55' title='bbox 1192 1307 1303 1371; x_wconf 88' lang='lat' dir='ltr'>ubi</span> <span class='ocrx_word' id='word_1_56' title='bbox 1360 1311 1579 1371; x_wconf 77' lang='lat' dir='ltr'>exstat</span> <span class='ocrx_word' id='word_1_57' title='bbox 1639 1304 1725 1388; x_wconf 90' lang='lat' dir='ltr'>(p.</span> <span class='ocrx_word' id='word_1_58' title='bbox 1775 1304 1905 1369; x_wconf 81' lang='lat'>238</span> <span class='ocrx_word' id='word_1_59' title='bbox 1954 1305 2073 1389; x_wconf 89' lang='lat' dir='ltr'>M):</span> <span class='ocrx_word' id='word_1_60' title='bbox 2143 1308 2473 1388; x_wconf 84' lang='grc' dir='ltr'><strong><em>Μεγίστην</em></strong></span> <span class='ocrx_word' id='word_1_61' title='bbox 2538 1298 2658 1389; x_wconf 82' lang='grc' dir='ltr'>γὰρ</span> <span class='ocrx_word' id='word_1_62' title='bbox 2718 1303 2828 1366; x_wconf 81' lang='grc' dir='ltr'>καὶ</span> <span class='ocrx_word' id='word_1_63' title='bbox 2891 1300 2928 1389; x_wconf 79' lang='grc' dir='ltr'><strong><em>ἡ</em></strong></span> 
     </span>
     <span class='ocr_line' id='line_1_9' title="bbox 571 1407 2929 1499; baseline 0 -28"><span class='ocrx_word' id='word_1_64' title='bbox 571 1409 816 1490; x_wconf 76' lang='grc' dir='ltr'><strong><em>γλῶττα</em></strong></span> <span class='ocrx_word' id='word_1_65' title='bbox 863 1414 1089 1495; x_wconf 83' lang='grc' dir='ltr'><strong><em>χρείαν</em></strong></span> <span class='ocrx_word' id='word_1_66' title='bbox 1141 1416 1499 1494; x_wconf 81' lang='grc' dir='ltr'><strong><em>παρέχεται</em></strong></span> <span class='ocrx_word' id='word_1_67' title='bbox 1543 1414 1622 1497; x_wconf 87' lang='grc' dir='ltr'>τῇ</span> <span class='ocrx_word' id='word_1_68' title='bbox 1667 1411 2069 1499; x_wconf 75' lang='grc' dir='ltr'>διαμαοήσει,</span> <span class='ocrx_word' id='word_1_69' title='bbox 2119 1407 2479 1489; x_wconf 80' lang='grc' dir='ltr'><em>συνάγουσα</em></span> <span class='ocrx_word' id='word_1_70' title='bbox 2522 1409 2641 1498; x_wconf 84' lang='grc' dir='ltr'>τὴν</span> <span class='ocrx_word' id='word_1_71' title='bbox 2686 1408 2929 1498; x_wconf 79' lang='grc' dir='ltr'><strong><em>τροφὴν</em></strong></span> 
     </span>
     <span class='ocr_line' id='line_1_10' title="bbox 571 1511 2931 1605; baseline 0 -27"><span class='ocrx_word' id='word_1_72' title='bbox 571 1516 685 1579; x_wconf 80' lang='grc' dir='ltr'>καὶ</span> <span class='ocrx_word' id='word_1_73' title='bbox 729 1524 864 1589; x_wconf 83' lang='grc' dir='ltr'><em>τοῖς</em></span> <span class='ocrx_word' id='word_1_74' title='bbox 921 1512 1179 1582; x_wconf 75' lang='grc' dir='ltr'><strong><em>ὀδοῦσιν</em></strong></span> <span class='ocrx_word' id='word_1_75' title='bbox 1247 1514 1725 1602; x_wconf 77' lang='grc' dir='ltr'><em>ὑποβάλλουσα,</em></span> <span class='ocrx_word' id='word_1_76' title='bbox 1782 1515 2097 1600; x_wconf 80' lang='grc' dir='ltr'><strong><em>καθάπερ</em></strong></span> <span class='ocrx_word' id='word_1_77' title='bbox 2152 1517 2222 1581; x_wconf 84' lang='grc' dir='ltr'>αἱ</span> <span class='ocrx_word' id='word_1_78' title='bbox 2277 1513 2603 1599; x_wconf 71' lang='grc' dir='ltr'><strong><em>α’λετρίδες</em></strong></span> <span class='ocrx_word' id='word_1_79' title='bbox 2655 1511 2760 1580; x_wconf 82' lang='grc' dir='ltr'>διὰ</span> <span class='ocrx_word' id='word_1_80' title='bbox 2819 1521 2931 1605; x_wconf 81' lang='grc' dir='ltr'>τῆς</span> 
     </span>
     <span class='ocr_line' id='line_1_11' title="bbox 570 1617 2929 1711; baseline 0 -25"><span class='ocrx_word' id='word_1_81' title='bbox 570 1617 780 1705; x_wconf 76' lang='grc' dir='ltr'><strong><em>χειρὸς</em></strong></span> <span class='ocrx_word' id='word_1_82' title='bbox 826 1618 940 1685; x_wconf 79' lang='grc' dir='ltr'>τὸν</span> <span class='ocrx_word' id='word_1_83' title='bbox 988 1632 1164 1689; x_wconf 81' lang='grc' dir='ltr'><strong><em>σῖτον</em></strong></span> <span class='ocrx_word' id='word_1_84' title='bbox 1220 1634 1362 1698; x_wconf 87' lang='grc' dir='ltr'><strong><em>ταῖς</em></strong></span> <span class='ocrx_word' id='word_1_85' title='bbox 1413 1626 1663 1707; x_wconf 83' lang='grc' dir='ltr'><strong><em>μύλαις.</em></strong></span> <span class='ocrx_word' id='word_1_86' title='bbox 1734 1621 1983 1711; x_wconf 83' lang='grc' dir='ltr'><strong><em>τρόπον</em></strong></span> <span class='ocrx_word' id='word_1_87' title='bbox 2039 1629 2157 1710; x_wconf 80' lang='grc' dir='ltr'>γάρ</span> <span class='ocrx_word' id='word_1_88' title='bbox 2214 1646 2360 1688; x_wconf 84' lang='grc' dir='ltr'><strong><em>τινα</em></strong></span> <span class='ocrx_word' id='word_1_89' title='bbox 2422 1625 2532 1688; x_wconf 83' lang='grc' dir='ltr'>καὶ</span> <span class='ocrx_word' id='word_1_90' title='bbox 2590 1624 2626 1711; x_wconf 81' lang='grc' dir='ltr'><em>ἡ</em></span> <span class='ocrx_word' id='word_1_91' title='bbox 2682 1624 2929 1704; x_wconf 78' lang='grc' dir='ltr'><strong><em>γλῶττα</em></strong></span> 
     </span>
     <span class='ocr_line' id='line_1_12' title="bbox 571 1727 2929 1821; baseline -0 -27"><span class='ocrx_word' id='word_1_92' title='bbox 571 1733 711 1815; x_wconf 84' lang='grc' dir='ltr'><strong><em>χείρ</em></strong></span> <span class='ocrx_word' id='word_1_93' title='bbox 773 1727 907 1793; x_wconf 79' lang='grc' dir='ltr'><strong><em>ἐστι</em></strong></span> <span class='ocrx_word' id='word_1_94' title='bbox 968 1737 1077 1819; x_wconf 83' lang='grc' dir='ltr'>τῆς</span> <span class='ocrx_word' id='word_1_95' title='bbox 1137 1732 1592 1821; x_wconf 81' lang='grc' dir='ltr'><strong><em>διαμασήσεως.</em></strong></span> <span class='ocrx_word' id='word_1_96' title='bbox 1689 1734 1855 1795; x_wconf 76' lang='grc' dir='ltr'><em>οὕτω</em></span> <span class='ocrx_word' id='word_1_97' title='bbox 1914 1731 1985 1795; x_wconf 78' lang='grc' dir='ltr'>δὲ</span> <span class='ocrx_word' id='word_1_98' title='bbox 2048 1736 2561 1815; x_wconf 73' lang='grc' dir='ltr'><strong><em>κατεργασθεῖσα</em></strong></span> <span class='ocrx_word' id='word_1_99' title='bbox 2632 1730 2664 1819; x_wconf 76' lang='grc' dir='ltr'><strong><em>ἡ</em></strong></span> <span class='ocrx_word' id='word_1_100' title='bbox 2726 1728 2929 1818; x_wconf 79' lang='grc' dir='ltr'><strong><em>τροφὴ</em></strong></span> 
     </span>
     <span class='ocr_line' id='line_1_13' title="bbox 572 1834 2930 1925; baseline 0.002 -26"><span class='ocrx_word' id='word_1_101' title='bbox 572 1842 1105 1922; x_wconf 81' lang='grc' dir='ltr'><strong><em>παραπέμπεται</em></strong></span> <span class='ocrx_word' id='word_1_102' title='bbox 1167 1842 1247 1925; x_wconf 85' lang='grc' dir='ltr'>τῇ</span> <span class='ocrx_word' id='word_1_103' title='bbox 1306 1840 1520 1923; x_wconf 81' lang='grc' dir='ltr'><em>κοιλίᾳ</em></span> <span class='ocrx_word' id='word_1_104' title='bbox 1582 1834 1687 1903; x_wconf 83' lang='grc' dir='ltr'>δια</span> <span class='ocrx_word' id='word_1_105' title='bbox 1753 1849 1868 1902; x_wconf 83' lang='grc' dir='ltr'>τοῦ</span> <span class='ocrx_word' id='word_1_106' title='bbox 1934 1836 2273 1918; x_wconf 77' lang='grc' dir='ltr'><em>στομάχου.</em></span> <span class='ocrx_word' id='word_1_107' title='bbox 2367 1839 2492 1905; x_wconf 87' lang='lat' dir='ltr'>Sed</span> <span class='ocrx_word' id='word_1_108' title='bbox 2552 1840 2721 1905; x_wconf 88' lang='lat' dir='ltr'>idem</span> <span class='ocrx_word' id='word_1_109' title='bbox 2783 1858 2930 1905; x_wconf 84' lang='lat' dir='ltr'>con-</span> 
     </span>
    </p>
   </div>
   <div class='ocr_carea' id='block_1_3' title="bbox 444 1930 2930 2029">
    <p class='ocr_par' dir='ltr' id='par_1_3' title="bbox 444 1930 2930 2029">
     <span class='ocr_line' id='line_1_14' title="bbox 444 1930 2930 2029; baseline 0 -18"><span class='ocrx_word' id='word_1_110' title='bbox 444 1930 449 1935; x_wconf 37' lang='lat'><em>*</em></span> <span class='ocrx_word' id='word_1_111' title='bbox 545 1941 806 2011; x_wconf 67' lang='lat' dir='ltr'>&#39;sensus</span> <span class='ocrx_word' id='word_1_112' title='bbox 887 1948 1280 2029; x_wconf 82' lang='lat' dir='ltr'>conspicitur</span> <span class='ocrx_word' id='word_1_113' title='bbox 1355 1950 1529 2015; x_wconf 85' lang='lat' dir='ltr'>inter</span> <span class='ocrx_word' id='word_1_114' title='bbox 1605 1949 1767 2013; x_wconf 92' lang='lat' dir='ltr'>haec</span> <span class='ocrx_word' id='word_1_115' title='bbox 1836 1948 2120 2013; x_wconf 91' lang='lat' dir='ltr'>Nemesii</span> <span class='ocrx_word' id='word_1_116' title='bbox 2206 1949 2409 2012; x_wconf 90' lang='lat' dir='ltr'>verba</span> <span class='ocrx_word' id='word_1_117' title='bbox 2476 1955 2544 2012; x_wconf 90' lang='lat' dir='ltr'>et</span> <span class='ocrx_word' id='word_1_118' title='bbox 2604 1946 2930 2011; x_wconf 88' lang='lat' dir='ltr'>Ambrosii</span> 
     </span>
    </p>
   </div>
   <div class='ocr_carea' id='block_1_4' title="bbox 525 2051 2935 3741">
    <p class='ocr_par' dir='ltr' id='par_1_4' title="bbox 525 2051 2933 3209">
     <span class='ocr_line' id='line_1_15' title="bbox 569 2051 2929 2138; baseline 0.001 -21"><span class='ocrx_word' id='word_1_119' title='bbox 569 2053 779 2117; x_wconf 91' lang='lat' dir='ltr'>locum</span> <span class='ocrx_word' id='word_1_120' title='bbox 821 2073 1020 2133; x_wconf 91' lang='lat' dir='ltr'>supra</span> <span class='ocrx_word' id='word_1_121' title='bbox 1061 2056 1347 2138; x_wconf 84' lang='lat' dir='ltr'>allatum,</span> <span class='ocrx_word' id='word_1_122' title='bbox 1397 2056 1505 2120; x_wconf 90' lang='lat' dir='ltr'>ubi</span> <span class='ocrx_word' id='word_1_123' title='bbox 1546 2056 1825 2136; x_wconf 81' lang='lat' dir='ltr'>legimus</span> <span class='ocrx_word' id='word_1_124' title='bbox 1880 2055 2262 2136; x_wconf 78' lang='lat' dir='ltr'>‚,lingua...</span> <span class='ocrx_word' id='word_1_125' title='bbox 2312 2054 2625 2134; x_wconf 82' lang='lat' dir='ltr'>quaedam</span> <span class='ocrx_word' id='word_1_126' title='bbox 2675 2051 2929 2120; x_wconf 89' lang='lat' dir='ltr'>edentis</span> 
     </span>
     <span class='ocr_line' id='line_1_16' title="bbox 571 2160 2931 2243; baseline -0 -17"><span class='ocrx_word' id='word_1_127' title='bbox 571 2168 678 2226; x_wconf 87' lang='lat' dir='ltr'>est</span> <span class='ocrx_word' id='word_1_128' title='bbox 724 2180 972 2243; x_wconf 86' lang='lat' dir='ltr'>manus,</span> <span class='ocrx_word' id='word_1_129' title='bbox 1032 2178 1198 2241; x_wconf 76' lang='lat' dir='ltr'>quae</span> <span class='ocrx_word' id='word_1_130' title='bbox 1246 2162 1634 2228; x_wconf 89' lang='lat' dir='ltr'>defluentem</span> <span class='ocrx_word' id='word_1_131' title='bbox 1682 2164 1894 2227; x_wconf 90' lang='lat' dir='ltr'>cibum</span> <span class='ocrx_word' id='word_1_132' title='bbox 1941 2161 2244 2227; x_wconf 88' lang='lat' dir='ltr'>dentibus</span> <span class='ocrx_word' id='word_1_133' title='bbox 2290 2162 2589 2243; x_wconf 79' lang='lat' dir='ltr'>suggerit</span> <span class='ocrx_word' id='word_1_134' title='bbox 2634 2166 2703 2225; x_wconf 90' lang='lat' dir='ltr'>et</span> <span class='ocrx_word' id='word_1_135' title='bbox 2749 2160 2931 2225; x_wconf 91' lang='lat' dir='ltr'>mini·</span> 
     </span>
     <span class='ocr_line' id='line_1_17' title="bbox 571 2267 2928 2351; baseline 0 -20"><span class='ocrx_word' id='word_1_136' title='bbox 571 2272 801 2331; x_wconf 83' lang='lat' dir='ltr'>strat·‘.</span> <span class='ocrx_word' id='word_1_137' title='bbox 879 2268 982 2333; x_wconf 81' lang='lat' dir='ltr'>Ex</span> <span class='ocrx_word' id='word_1_138' title='bbox 1026 2269 1148 2334; x_wconf 91' lang='lat' dir='ltr'>hoc</span> <span class='ocrx_word' id='word_1_139' title='bbox 1195 2270 1484 2349; x_wconf 89' lang='lat' dir='ltr'>exemplo</span> <span class='ocrx_word' id='word_1_140' title='bbox 1533 2277 1716 2351; x_wconf 89' lang='lat' dir='ltr'>patet</span> <span class='ocrx_word' id='word_1_141' title='bbox 1749 2270 2183 2349; x_wconf 90' lang='lat' dir='ltr'>Ambrosium,</span> <span class='ocrx_word' id='word_1_142' title='bbox 2218 2286 2361 2333; x_wconf 90' lang='lat' dir='ltr'>cum</span> <span class='ocrx_word' id='word_1_143' title='bbox 2409 2268 2585 2332; x_wconf 87' lang='lat' dir='ltr'>dicat</span> <span class='ocrx_word' id='word_1_144' title='bbox 2639 2267 2928 2349; x_wconf 83' lang='lat' dir='ltr'>linguam</span> 
     </span>
     <span class='ocr_line' id='line_1_18' title="bbox 573 2375 2929 2457; baseline 0 -18"><span class='ocrx_word' id='word_1_145' title='bbox 573 2380 903 2454; x_wconf 82' lang='lat' dir='ltr'>tamquam</span> <span class='ocrx_word' id='word_1_146' title='bbox 966 2396 1224 2442; x_wconf 91' lang='lat' dir='ltr'>manum</span> <span class='ocrx_word' id='word_1_147' title='bbox 1289 2377 1371 2442; x_wconf 86' lang='lat' dir='ltr'>ad</span> <span class='ocrx_word' id='word_1_148' title='bbox 1436 2378 1613 2442; x_wconf 89' lang='lat' dir='ltr'>cibos</span> <span class='ocrx_word' id='word_1_149' title='bbox 1675 2377 2072 2457; x_wconf 85' lang='lat' dir='ltr'>colligendos</span> <span class='ocrx_word' id='word_1_150' title='bbox 2134 2394 2299 2452; x_wconf 82' lang='lat' dir='ltr'>esse,</span> <span class='ocrx_word' id='word_1_151' title='bbox 2365 2375 2433 2439; x_wconf 90' lang='lat' dir='ltr'>in</span> <span class='ocrx_word' id='word_1_152' title='bbox 2499 2375 2593 2439; x_wconf 89' lang='lat' dir='ltr'>eis</span> <span class='ocrx_word' id='word_1_153' title='bbox 2656 2390 2929 2456; x_wconf 86' lang='lat' dir='ltr'>quoque,</span> 
     </span>
     <span class='ocr_line' id='line_1_19' title="bbox 571 2481 2927 2564; baseline 0.001 -20"><span class='ocrx_word' id='word_1_154' title='bbox 571 2497 743 2561; x_wconf 87' lang='lat' dir='ltr'>quae</span> <span class='ocrx_word' id='word_1_155' title='bbox 775 2482 946 2563; x_wconf 87' lang='lat' dir='ltr'>apud</span> <span class='ocrx_word' id='word_1_156' title='bbox 977 2483 1392 2549; x_wconf 89' lang='lat' dir='ltr'>Lactantium</span> <span class='ocrx_word' id='word_1_157' title='bbox 1425 2492 1493 2549; x_wconf 88' lang='lat' dir='ltr'>et</span> <span class='ocrx_word' id='word_1_158' title='bbox 1525 2484 1901 2549; x_wconf 86' lang='lat' dir='ltr'>Ciceronem</span> <span class='ocrx_word' id='word_1_159' title='bbox 1936 2502 2062 2547; x_wconf 92' lang='lat' dir='ltr'>non</span> <span class='ocrx_word' id='word_1_160' title='bbox 2096 2484 2422 2564; x_wconf 80' lang='lat' dir='ltr'>leguntur,</span> <span class='ocrx_word' id='word_1_161' title='bbox 2457 2501 2600 2547; x_wconf 91' lang='lat' dir='ltr'>cum</span> <span class='ocrx_word' id='word_1_162' title='bbox 2625 2481 2927 2547; x_wconf 91' lang='lat' dir='ltr'>Nemesio</span> 
     </span>
     <span class='ocr_line' id='line_1_20' title="bbox 573 2588 2925 2669; baseline 0 -16"><span class='ocrx_word' id='word_1_163' title='bbox 573 2588 982 2655; x_wconf 86' lang='lat' dir='ltr'>concordare.</span> <span class='ocrx_word' id='word_1_164' title='bbox 1094 2591 1275 2656; x_wconf 91' lang='lat' dir='ltr'>Haec</span> <span class='ocrx_word' id='word_1_165' title='bbox 1335 2610 1444 2656; x_wconf 91' lang='lat' dir='ltr'>res</span> <span class='ocrx_word' id='word_1_166' title='bbox 1509 2610 1701 2655; x_wconf 90' lang='lat' dir='ltr'>unam</span> <span class='ocrx_word' id='word_1_167' title='bbox 1781 2596 2032 2655; x_wconf 87' lang='lat' dir='ltr'>tantum</span> <span class='ocrx_word' id='word_1_168' title='bbox 2100 2590 2332 2669; x_wconf 84' lang='lat' dir='ltr'>recipit</span> <span class='ocrx_word' id='word_1_169' title='bbox 2402 2588 2925 2669; x_wconf 84' lang='lat' dir='ltr'>explicationem:</span> 
     </span>
     <span class='ocr_line' id='line_1_21' title="bbox 574 2683 2932 2762; baseline 0 -2"><span class='ocrx_word' id='word_1_170' title='bbox 574 2695 959 2762; x_wconf 86' lang='lat' dir='ltr'>Ambrosius</span> <span class='ocrx_word' id='word_1_171' title='bbox 1022 2703 1090 2761; x_wconf 85' lang='lat' dir='ltr'>et</span> <span class='ocrx_word' id='word_1_172' title='bbox 1145 2698 1531 2762; x_wconf 85' lang='lat' dir='ltr'>Lactantius</span> <span class='ocrx_word' id='word_1_173' title='bbox 1595 2696 1676 2761; x_wconf 92' lang='lat' dir='ltr'>ad</span> <span class='ocrx_word' id='word_1_174' title='bbox 1740 2696 2017 2762; x_wconf 91' lang='lat' dir='ltr'>eundem</span> <span class='ocrx_word' id='word_1_175' title='bbox 2076 2703 2404 2762; x_wconf 86' lang='lat' dir='ltr'>auctorem</span> <span class='ocrx_word' id='word_1_176' title='bbox 2454 2683 2777 2761; x_wconf 82' lang='lat' dir='ltr'>Graecum</span> <span class='ocrx_word' id='word_1_177' title='bbox 2831 2712 2932 2760; x_wconf 89' lang='lat' dir='ltr'>re-</span> 
     </span>
     <span class='ocr_line' id='line_1_22' title="bbox 573 2801 2933 2885; baseline 0 -19"><span class='ocrx_word' id='word_1_178' title='bbox 573 2801 799 2885; x_wconf 85' lang='lat' dir='ltr'>deunt,</span> <span class='ocrx_word' id='word_1_179' title='bbox 865 2823 946 2869; x_wconf 85' lang='lat' dir='ltr'>ex</span> <span class='ocrx_word' id='word_1_180' title='bbox 993 2818 1117 2881; x_wconf 83' lang='lat' dir='ltr'>quo</span> <span class='ocrx_word' id='word_1_181' title='bbox 1165 2805 1444 2869; x_wconf 79' lang='lat' dir='ltr'>frustula</span> <span class='ocrx_word' id='word_1_182' title='bbox 1491 2804 1812 2884; x_wconf 81' lang='lat' dir='ltr'>quaedam</span> <span class='ocrx_word' id='word_1_183' title='bbox 1870 2823 1906 2870; x_wconf 91' lang='lat' dir='ltr'>e</span> <span class='ocrx_word' id='word_1_184' title='bbox 1962 2804 2431 2869; x_wconf 88' lang='lat' dir='ltr'>sententiarum</span> <span class='ocrx_word' id='word_1_185' title='bbox 2488 2821 2660 2868; x_wconf 85' lang='lat' dir='ltr'>nexu</span> <span class='ocrx_word' id='word_1_186' title='bbox 2719 2801 2933 2866; x_wconf 89' lang='lat' dir='ltr'>soluta</span> 
     </span>
     <span class='ocr_line' id='line_1_23' title="bbox 525 2908 2932 2995; baseline -0.001 -20"><span class='ocrx_word' id='word_1_187' title='bbox 525 2909 774 2995; x_wconf 53' lang='lat' dir='ltr'>‚etiam</span> <span class='ocrx_word' id='word_1_188' title='bbox 829 2910 896 2975; x_wconf 92' lang='lat' dir='ltr'>in</span> <span class='ocrx_word' id='word_1_189' title='bbox 957 2911 1244 2977; x_wconf 89' lang='lat' dir='ltr'>Nemesii</span> <span class='ocrx_word' id='word_1_190' title='bbox 1304 2912 1538 2976; x_wconf 88' lang='lat' dir='ltr'>librum</span> <span class='ocrx_word' id='word_1_191' title='bbox 1600 2912 2000 2977; x_wconf 89' lang='lat' dir='ltr'>invaserunt.</span> <span class='ocrx_word' id='word_1_192' title='bbox 2103 2910 2229 2975; x_wconf 93' lang='lat' dir='ltr'>Hic</span> <span class='ocrx_word' id='word_1_193' title='bbox 2264 2916 2517 2989; x_wconf 46' lang='lat' dir='ltr'>⁴auctor</span> <span class='ocrx_word' id='word_1_194' title='bbox 2578 2908 2932 2974; x_wconf 86' lang='lat' dir='ltr'>communis</span> 
     </span>
     <span class='ocr_line' id='line_1_24' title="bbox 574 3016 2933 3099; baseline -0 -18"><span class='ocrx_word' id='word_1_195' title='bbox 574 3035 661 3081; x_wconf 83' lang='lat' dir='ltr'>ex</span> <span class='ocrx_word' id='word_1_196' title='bbox 707 3024 1002 3099; x_wconf 82' lang='lat' dir='ltr'>cognato,</span> <span class='ocrx_word' id='word_1_197' title='bbox 1054 3016 1332 3084; x_wconf 84' lang='lat' dir='ltr'>fortasse</span> <span class='ocrx_word' id='word_1_198' title='bbox 1381 3019 1607 3085; x_wconf 88' lang='lat' dir='ltr'>eodem</span> <span class='ocrx_word' id='word_1_199' title='bbox 1652 3018 1834 3084; x_wconf 90' lang='lat' dir='ltr'>fonte</span> <span class='ocrx_word' id='word_1_200' title='bbox 1880 3018 2119 3099; x_wconf 83' lang='lat' dir='ltr'>hausit,</span> <span class='ocrx_word' id='word_1_201' title='bbox 2178 3034 2303 3097; x_wconf 87' lang='lat' dir='ltr'>quo</span> <span class='ocrx_word' id='word_1_202' title='bbox 2350 3017 2547 3082; x_wconf 88' lang='lat' dir='ltr'>etiam</span> <span class='ocrx_word' id='word_1_203' title='bbox 2595 3017 2819 3083; x_wconf 91' lang='lat' dir='ltr'>Cicero</span> <span class='ocrx_word' id='word_1_204' title='bbox 2864 3016 2933 3080; x_wconf 91' lang='lat' dir='ltr'>in</span> 
     </span>
     <span class='ocr_line' id='line_1_25' title="bbox 573 3122 2352 3209; baseline 0.002 -20"><span class='ocrx_word' id='word_1_205' title='bbox 573 3122 794 3189; x_wconf 86' lang='lat' dir='ltr'>Stoica</span> <span class='ocrx_word' id='word_1_206' title='bbox 839 3125 954 3189; x_wconf 92' lang='lat' dir='ltr'>illa</span> <span class='ocrx_word' id='word_1_207' title='bbox 1001 3126 1289 3207; x_wconf 89' lang='lat' dir='ltr'>corporis</span> <span class='ocrx_word' id='word_1_208' title='bbox 1339 3126 1778 3207; x_wconf 86' lang='lat' dir='ltr'>descriptione</span> <span class='ocrx_word' id='word_1_209' title='bbox 1823 3144 1979 3191; x_wconf 89' lang='lat' dir='ltr'>usus</span> <span class='ocrx_word' id='word_1_210' title='bbox 2027 3129 2132 3190; x_wconf 92' lang='lat' dir='ltr'>est</span> <span class='ocrx_word' id='word_1_211' title='bbox 2150 3122 2217 3209; x_wconf 73' lang='lat'>²).</span> <span class='ocrx_word' id='word_1_212' title='bbox 2266 3160 2352 3169; x_wconf 94' lang='lat'>-—</span> 
     </span>
    </p>

    <p class='ocr_par' dir='ltr' id='par_1_5' title="bbox 573 3229 2935 3741">
     <span class='ocr_line' id='line_1_26' title="bbox 755 3229 2932 3314; baseline -0.001 -19"><span class='ocrx_word' id='word_1_213' title='bbox 755 3230 1112 3297; x_wconf 88' lang='lat' dir='ltr'>Praeterea</span> <span class='ocrx_word' id='word_1_214' title='bbox 1159 3233 1304 3297; x_wconf 89' lang='lat' dir='ltr'>aliis</span> <span class='ocrx_word' id='word_1_215' title='bbox 1352 3233 1668 3314; x_wconf 87' lang='lat' dir='ltr'>exemplis</span> <span class='ocrx_word' id='word_1_216' title='bbox 1731 3232 2054 3297; x_wconf 88' lang='lat' dir='ltr'>evincitur</span> <span class='ocrx_word' id='word_1_217' title='bbox 2098 3231 2429 3297; x_wconf 88' lang='lat' dir='ltr'>Ambrosii</span> <span class='ocrx_word' id='word_1_218' title='bbox 2486 3237 2556 3297; x_wconf 90' lang='lat' dir='ltr'>et</span> <span class='ocrx_word' id='word_1_219' title='bbox 2600 3229 2932 3295; x_wconf 88' lang='lat' dir='ltr'>Lactantii</span> 
     </span>
     <span class='ocr_line' id='line_1_27' title="bbox 573 3338 2935 3416; baseline -0.001 -13"><span class='ocrx_word' id='word_1_220' title='bbox 573 3339 1024 3403; x_wconf 88' lang='lat' dir='ltr'>enarrationes</span> <span class='ocrx_word' id='word_1_221' title='bbox 1082 3340 1288 3405; x_wconf 84' lang='lat' dir='ltr'>artius</span> <span class='ocrx_word' id='word_1_222' title='bbox 1347 3339 1831 3416; x_wconf 67' lang='lat' dir='ltr'>coniungendas</span> <span class='ocrx_word' id='word_1_223' title='bbox 1888 3357 2051 3405; x_wconf 91' lang='lat' dir='ltr'>esse.</span> <span class='ocrx_word' id='word_1_224' title='bbox 2142 3338 2307 3403; x_wconf 90' lang='lat' dir='ltr'>Nam</span> <span class='ocrx_word' id='word_1_225' title='bbox 2365 3342 2543 3403; x_wconf 91' lang='lat' dir='ltr'>certe</span> <span class='ocrx_word' id='word_1_226' title='bbox 2603 3356 2729 3402; x_wconf 92' lang='lat' dir='ltr'>non</span> <span class='ocrx_word' id='word_1_227' title='bbox 2778 3355 2935 3402; x_wconf 84' lang='lat' dir='ltr'>casu</span> 
     </span>
     <span class='ocr_line' id='line_1_28' title="bbox 574 3443 2935 3527; baseline 0 -19"><span class='ocrx_word' id='word_1_228' title='bbox 574 3444 823 3509; x_wconf 84' lang='lat' dir='ltr'>factum</span> <span class='ocrx_word' id='word_1_229' title='bbox 871 3451 990 3527; x_wconf 80' lang='lat' dir='ltr'>cst,</span> <span class='ocrx_word' id='word_1_230' title='bbox 1051 3453 1124 3509; x_wconf 91' lang='lat' dir='ltr'>ut</span> <span class='ocrx_word' id='word_1_231' title='bbox 1171 3447 1552 3511; x_wconf 88' lang='lat' dir='ltr'>Ambrosius</span> <span class='ocrx_word' id='word_1_232' title='bbox 1617 3446 1714 3511; x_wconf 90' lang='lat' dir='ltr'>eis</span> <span class='ocrx_word' id='word_1_233' title='bbox 1762 3451 2014 3511; x_wconf 90' lang='lat' dir='ltr'>tantum</span> <span class='ocrx_word' id='word_1_234' title='bbox 2069 3446 2249 3525; x_wconf 82' lang='lat' dir='ltr'>lociS‚</span> <span class='ocrx_word' id='word_1_235' title='bbox 2312 3446 2423 3523; x_wconf 86' lang='lat' dir='ltr'>qui</span> <span class='ocrx_word' id='word_1_236' title='bbox 2483 3445 2566 3509; x_wconf 90' lang='lat' dir='ltr'>ad</span> <span class='ocrx_word' id='word_1_237' title='bbox 2614 3443 2935 3511; x_wconf 84' lang='lat' dir='ltr'>Galenum</span> 
     </span>
     <span class='ocr_line' id='line_1_29' title="bbox 575 3550 2934 3635; baseline -0 -19"><span class='ocrx_word' id='word_1_238' title='bbox 575 3552 686 3616; x_wconf 81' lang='lat' dir='ltr'>vel</span> <span class='ocrx_word' id='word_1_239' title='bbox 734 3552 1077 3631; x_wconf 84' lang='lat' dir='ltr'>Apuleium</span> <span class='ocrx_word' id='word_1_240' title='bbox 1135 3561 1430 3619; x_wconf 86' lang='lat' dir='ltr'>auctores</span> <span class='ocrx_word' id='word_1_241' title='bbox 1486 3552 1722 3618; x_wconf 80' lang='lat' dir='ltr'>referri</span> <span class='ocrx_word' id='word_1_242' title='bbox 1782 3572 1909 3619; x_wconf 90' lang='lat' dir='ltr'>non</span> <span class='ocrx_word' id='word_1_243' title='bbox 1966 3558 2332 3635; x_wconf 87' lang='lat' dir='ltr'>potuerunt,</span> <span class='ocrx_word' id='word_1_244' title='bbox 2396 3570 2540 3618; x_wconf 89' lang='lat' dir='ltr'>cum</span> <span class='ocrx_word' id='word_1_245' title='bbox 2596 3550 2934 3617; x_wconf 87' lang='lat' dir='ltr'>Lactantio</span> 
     </span>
     <span class='ocr_line' id='line_1_30' title="bbox 573 3658 2935 3741; baseline 0 -18"><span class='ocrx_word' id='word_1_246' title='bbox 573 3659 922 3740; x_wconf 83' lang='lat' dir='ltr'>conspiret.</span> <span class='ocrx_word' id='word_1_247' title='bbox 1013 3659 1118 3725; x_wconf 86' lang='lat' dir='ltr'>Ita</span> <span class='ocrx_word' id='word_1_248' title='bbox 1165 3661 1580 3726; x_wconf 85' lang='lat' dir='ltr'>consentiunt</span> <span class='ocrx_word' id='word_1_249' title='bbox 1637 3660 1832 3726; x_wconf 83' lang='lat' dir='ltr'>etiam</span> <span class='ocrx_word' id='word_1_250' title='bbox 1882 3660 1963 3725; x_wconf 90' lang='lat' dir='ltr'>de</span> <span class='ocrx_word' id='word_1_251' title='bbox 2014 3659 2297 3725; x_wconf 88' lang='lat' dir='ltr'>brachiis</span> <span class='ocrx_word' id='word_1_252' title='bbox 2354 3663 2425 3724; x_wconf 91' lang='lat' dir='ltr'>et</span> <span class='ocrx_word' id='word_1_253' title='bbox 2479 3658 2795 3741; x_wconf 85' lang='lat' dir='ltr'>manibus,</span> <span class='ocrx_word' id='word_1_254' title='bbox 2853 3658 2935 3723; x_wconf 87' lang='lat' dir='ltr'>de</span> 
     </span>
    </p>
   </div>
   <div class='ocr_carea' id='block_1_5' title="bbox 585 3802 650 3811">
    <p class='ocr_par' dir='ltr' id='par_1_6' title="bbox 585 3802 650 3811">
     <span class='ocr_line' id='line_1_31' title="bbox 585 3802 650 3811; baseline -0.031 0"><span class='ocrx_word' id='word_1_255' title='bbox 585 3802 650 3811; x_wconf 74' lang='lat'>—-</span> 
     </span>
    </p>
   </div>
   <div class='ocr_carea' id='block_1_6' title="bbox 656 3803 1012 3811">
    <p class='ocr_par' dir='ltr' id='par_1_7' title="bbox 656 3803 1012 3811">
     <span class='ocr_line' id='line_1_32' title="bbox 656 3803 1012 3811; baseline 0 0"><span class='ocrx_word' id='word_1_256' title='bbox 656 3803 1012 3811; x_wconf 95' lang='lat' dir='ltr'> </span> 
     </span>
    </p>
   </div>
   <div class='ocr_carea' id='block_1_7' title="bbox 757 3850 1686 3937">
    <p class='ocr_par' dir='ltr' id='par_1_8' title="bbox 757 3850 1686 3937">
     <span class='ocr_line' id='line_1_33' title="bbox 757 3850 1686 3937; baseline 0.002 -14"><span class='ocrx_word' id='word_1_257' title='bbox 757 3869 798 3937; x_wconf 85' lang='lat'>¹)</span> <span class='ocrx_word' id='word_1_258' title='bbox 838 3870 917 3925; x_wconf 76' lang='lat' dir='ltr'>De</span> <span class='ocrx_word' id='word_1_259' title='bbox 953 3875 1070 3925; x_wconf 84' lang='lat' dir='ltr'>nat.</span> <span class='ocrx_word' id='word_1_260' title='bbox 1109 3872 1253 3925; x_wconf 87' lang='lat' dir='ltr'>deor.</span> <span class='ocrx_word' id='word_1_261' title='bbox 1291 3872 1349 3923; x_wconf 85' lang='grc' dir='ltr'>Π</span> <span class='ocrx_word' id='word_1_262' title='bbox 1391 3850 1686 3925; x_wconf 76' lang='grc'>134-135.</span> 
     </span>
    </p>
   </div>
   <div class='ocr_carea' id='block_1_8' title="bbox 575 3976 2939 4479">
    <p class='ocr_par' dir='ltr' id='par_1_9' title="bbox 575 3976 2939 4479">
     <span class='ocr_line' id='line_1_34' title="bbox 757 3976 2935 4046; baseline 0.001 -17"><span class='ocrx_word' id='word_1_263' title='bbox 757 3978 800 4037; x_wconf 78' lang='lat'>⁸)</span> <span class='ocrx_word' id='word_1_264' title='bbox 840 3977 1024 4033; x_wconf 76' lang='lat' dir='ltr'>Hirzel</span> <span class='ocrx_word' id='word_1_265' title='bbox 1082 3977 1484 4046; x_wconf 82' lang='lat' dir='ltr'>„Untersuchg.</span> <span class='ocrx_word' id='word_1_266' title='bbox 1533 3994 1600 4031; x_wconf 80' lang='lat' dir='ltr'>zu</span> <span class='ocrx_word' id='word_1_267' title='bbox 1655 3978 1767 4031; x_wconf 88' lang='lat' dir='ltr'>Cic.</span> <span class='ocrx_word' id='word_1_268' title='bbox 1826 3977 2024 4045; x_wconf 75' lang='lat' dir='ltr'>philos.</span> <span class='ocrx_word' id='word_1_269' title='bbox 2074 3977 2225 4033; x_wconf 85' lang='lat' dir='ltr'>Schr.</span> <span class='ocrx_word' id='word_1_270' title='bbox 2274 3976 2304 4030; x_wconf 96' lang='lat'>1</span> <span class='ocrx_word' id='word_1_271' title='bbox 2362 3979 2497 4031; x_wconf 81' lang='grc'>1877</span> <span class='ocrx_word' id='word_1_272' title='bbox 2556 3993 2606 4045; x_wconf 82' lang='lat' dir='ltr'>p.</span> <span class='ocrx_word' id='word_1_273' title='bbox 2660 3979 2760 4029; x_wconf 89' lang='grc'>191</span> <span class='ocrx_word' id='word_1_274' title='bbox 2816 3992 2935 4045; x_wconf 68' lang='lat' dir='ltr'>sqq.</span> 
     </span>
     <span class='ocr_line' id='line_1_35' title="bbox 576 4065 2937 4135; baseline -0.001 -12"><span class='ocrx_word' id='word_1_275' title='bbox 576 4067 867 4123; x_wconf 75' lang='lat' dir='ltr'>existimat</span> <span class='ocrx_word' id='word_1_276' title='bbox 911 4065 1188 4121; x_wconf 82' lang='lat' dir='ltr'>Ciceronis</span> <span class='ocrx_word' id='word_1_277' title='bbox 1235 4069 1607 4135; x_wconf 76' lang='lat' dir='ltr'>paragraphos</span> <span class='ocrx_word' id='word_1_278' title='bbox 1669 4068 1949 4119; x_wconf 69' lang='lat'>133-154</span> <span class='ocrx_word' id='word_1_279' title='bbox 1996 4066 2409 4135; x_wconf 74' lang='lat' dir='ltr'>coniungendas</span> <span class='ocrx_word' id='word_1_280' title='bbox 2459 4076 2517 4121; x_wconf 87' lang='lat' dir='ltr'>et</span> <span class='ocrx_word' id='word_1_281' title='bbox 2563 4082 2632 4121; x_wconf 84' lang='lat' dir='ltr'>ex</span> <span class='ocrx_word' id='word_1_282' title='bbox 2666 4065 2937 4122; x_wconf 81' lang='lat' dir='ltr'>Panaetio</span> 
     </span>
     <span class='ocr_line' id='line_1_36' title="bbox 575 4154 2939 4224; baseline 0 -14"><span class='ocrx_word' id='word_1_283' title='bbox 575 4156 930 4223; x_wconf 81' lang='lat' dir='ltr'>depromptas</span> <span class='ocrx_word' id='word_1_284' title='bbox 994 4172 1114 4211; x_wconf 81' lang='lat' dir='ltr'>esse</span> <span class='ocrx_word' id='word_1_285' title='bbox 1223 4156 1394 4223; x_wconf 80' lang='lat' dir='ltr'>Quam</span> <span class='ocrx_word' id='word_1_286' title='bbox 1470 4156 1805 4212; x_wconf 82' lang='lat' dir='ltr'>sententiam</span> <span class='ocrx_word' id='word_1_287' title='bbox 1870 4156 2188 4224; x_wconf 83' lang='lat' dir='ltr'>comprobat</span> <span class='ocrx_word' id='word_1_288' title='bbox 2252 4156 2563 4211; x_wconf 82' lang='lat' dir='ltr'>Reinhardt</span> <span class='ocrx_word' id='word_1_289' title='bbox 2624 4154 2939 4223; x_wconf 74' lang='lat' dir='ltr'>(Breslaner</span> 
     </span>
     <span class='ocr_line' id='line_1_37' title="bbox 579 4244 2939 4314; baseline -0 -15"><span class='ocrx_word' id='word_1_290' title='bbox 579 4245 770 4314; x_wconf 81' lang='lat' dir='ltr'>philol.</span> <span class='ocrx_word' id='word_1_291' title='bbox 819 4246 1016 4300; x_wconf 81' lang='lat' dir='ltr'>Abhdl.</span> <span class='ocrx_word' id='word_1_292' title='bbox 1063 4245 1177 4313; x_wconf 74' lang='lat'><em>1112</em></span> <span class='ocrx_word' id='word_1_293' title='bbox 1233 4248 1414 4314; x_wconf 87' lang='lat'>(1888)</span> <span class='ocrx_word' id='word_1_294' title='bbox 1464 4262 1516 4313; x_wconf 84' lang='lat' dir='ltr'>p.</span> <span class='ocrx_word' id='word_1_295' title='bbox 1554 4249 1623 4299; x_wconf 85' lang='lat'>45</span> <span class='ocrx_word' id='word_1_296' title='bbox 1674 4262 1789 4314; x_wconf 69' lang='lat' dir='ltr'>sqq.</span> <span class='ocrx_word' id='word_1_297' title='bbox 1867 4246 2073 4299; x_wconf 83' lang='lat' dir='ltr'>Contra</span> <span class='ocrx_word' id='word_1_298' title='bbox 2110 4244 2411 4300; x_wconf 83' lang='lat' dir='ltr'>Schwenke</span> <span class='ocrx_word' id='word_1_299' title='bbox 2446 4245 2657 4311; x_wconf 84' lang='lat' dir='ltr'>(Jahrb.</span> <span class='ocrx_word' id='word_1_300' title='bbox 2694 4245 2733 4301; x_wconf 84' lang='lat' dir='ltr'>f.</span> <span class='ocrx_word' id='word_1_301' title='bbox 2770 4244 2939 4300; x_wconf 69' lang='lat' dir='ltr'>klase.</span> 
     </span>
     <span class='ocr_line' id='line_1_38' title="bbox 579 4334 2937 4407; baseline -0.001 -18"><span class='ocrx_word' id='word_1_302' title='bbox 579 4334 772 4389; x_wconf 71' lang='lat' dir='ltr'>Pluilol.</span> <span class='ocrx_word' id='word_1_303' title='bbox 817 4338 918 4385; x_wconf 83' lang='grc'>119</span> <span class='ocrx_word' id='word_1_304' title='bbox 953 4337 1142 4407; x_wconf 70' lang='grc'>(1879)</span> <span class='ocrx_word' id='word_1_305' title='bbox 1181 4352 1232 4404; x_wconf 83' lang='lat' dir='ltr'>p.</span> <span class='ocrx_word' id='word_1_306' title='bbox 1277 4338 1375 4388; x_wconf 85' lang='grc'>129</span> <span class='ocrx_word' id='word_1_307' title='bbox 1423 4341 1562 4403; x_wconf 73' lang='lat' dir='ltr'>sqq.)</span> <span class='ocrx_word' id='word_1_308' title='bbox 1601 4341 1781 4390; x_wconf 87' lang='lat' dir='ltr'>totum</span> <span class='ocrx_word' id='word_1_309' title='bbox 1816 4334 2010 4388; x_wconf 84' lang='lat' dir='ltr'>librum</span> <span class='ocrx_word' id='word_1_310' title='bbox 2054 4335 2111 4387; x_wconf 90' lang='lat'>11</span> <span class='ocrx_word' id='word_1_311' title='bbox 2150 4350 2217 4389; x_wconf 84' lang='lat' dir='ltr'>ex</span> <span class='ocrx_word' id='word_1_312' title='bbox 2254 4334 2551 4388; x_wconf 78' lang='lat' dir='ltr'>Posidonio</span> <span class='ocrx_word' id='word_1_313' title='bbox 2588 4334 2937 4401; x_wconf 84' lang='lat' dir='ltr'>desumptum</span> 
     </span>
     <span class='ocr_line' id='line_1_39' title="bbox 577 4430 943 4479; baseline -0.008 0"><span class='ocrx_word' id='word_1_314' title='bbox 577 4439 700 4479; x_wconf 72' lang='lat' dir='ltr'>osse</span> <span class='ocrx_word' id='word_1_315' title='bbox 738 4430 943 4479; x_wconf 81' lang='lat' dir='ltr'>censet.</span> 
     </span>
    </p>
   </div>
  </div>
 </body>
</html>
