3425 5167
1583 432 2025 497 ..28-

617 614 920 696 θαλμοῐς,
970 606 1101 677 ὑπὸ
1151 595 1279 675 τῶν
1325 622 1559 695 τριχῶν
1601 617 1744 675 τού-
1795 610 1802 679 Ι
1860 613 2166 693 pupillam
2227 614 2395 678 oculi
2456 612 2781 677 tutissimo
2830 628 2985 689 quo-

609 745 746 783 «των
795 716 1322 804 ἀπειργόμεναῑ).
1853 720 1999 785 dam
2044 702 2315 785 naturae
2358 720 2530 785 vallo
2588 718 2836 784 munire
2888 718 2977 781 di-

1850 832 2088 908 gnatus
2144 832 2266 909 est,
2324 828 2516 892 simul
2572 827 2723 905 quia
2796 824 2977 889 inno·

1852 936 2067 1000 centia
2113 942 2181 999 et
2224 934 2573 1016 integritas
2605 932 2737 997 levi
2787 926 2985 997 sorde

1849 1060 2117 1123 aspersa
2164 1042 2459 1107 violatur.

799 1169 1106 1235 Videmus
1176 1169 1316 1234 fere
1380 1170 1613 1244 omnia,
1693 1186 1860 1248 quae
1934 1165 2580 1254 apud'Ambrosium
2649 1168 2979 1249 leguntur,

617 1276 814 1341 simili
859 1276 1044 1342 modo
1094 1276 1424 1357 descripta
1470 1274 1641 1357 apud
1689 1275 2008 1341 Galenum
2057 1275 2357 1339 inveniri.
2449 1276 2693 1339 Tamen
2740 1273 2974 1355 negari

616 1384 844 1464 nequit
904 1384 1286 1465 scriptorem
1351 1384 1594 1459 verbis,
1661 1383 2027 1464 sententiiS‚
2075 1383 2385 1447 librorum
2444 1400 2771 1447 sacrorum
2816 1380 2981 1445 locis

617 1491 890 1556 adiectis
957 1491 1240 1557 auctoris
1302 1497 1653 1556 tractatum
1713 1490 1985 1556 liberius
2043 1508 2233 1569 quam
2282 1496 2474 1555 antea
2535 1489 2981 1569 interpretari,

618 1601 834 1677 Atque
880 1598 1078 1663 facile
1111 1598 1542 1681 cognoscitur,
1593 1616 1708 1663 cur
1755 1598 1817 1662 in
1857 1598 1979 1663 hac
2009 1602 2197 1678 parte
2230 1597 2357 1660 alia
2390 1596 2689 1663 imitandi
2719 1595 2979 1661 ratione

616 1724 772 1770 usus
829 1710 930 1770 sit.
1026 1706 1190 1771 Nam
1243 1724 1388 1770 cum
1447 1724 1526 1770 ea
1571 1706 1857 1770 auctoris
1904 1705 2250 1785 enarratio,
2316 1723 2501 1782 quaxn
2553 1704 2615 1767 in
2667 1709 2803 1769 tota
2847 1704 2977 1767 hac

615 1823 802 1892 parte
859 1818 1012 1878 ante
1070 1814 1286 1879 oculos
1343 1813 1588 1894 habuit,
1646 1812 1842 1877 nimis
1898 1811 2119 1877 brevis
2167 1818 2235 1877 et
2290 1811 2779 1892 circumscripta
2825 1829 3018 1897 esse⁴

614 1920 967 2000 videretur,
1033 1938 1176 1985 eam
1240 1919 1660 2000 amplificavit
1722 1924 1791 1983 et
1850 1918 2197 2000 supplevit.
2288 1916 2433 2001 Qua
2477 1918 2544 1982 in
2592 1918 2980 1982 excursione

615 2045 774 2091 sane
830 2046 937 2091 res
995 2025 1372 2091 tractandas
1421 2026 1676 2090 facilius
1733 2026 1869 2091 suis
1916 2026 2419 2108 cogitationibus
2466 2024 2715 2107 fingere
2762 2024 2974 2105 potuit

619 2152 808 2213 quam
871 2134 938 2197 in
1001 2133 1132 2198 illis
1200 2134 1588 2198 medicorum
1657 2133 1915 2213 placitis
1979 2140 2111 2197 tam
2168 2133 2447 2211 spinosis
2496 2131 2975 2213 distinctisque,

619 2258 804 2322 quae,
853 2259 937 2306 ne
983 2242 1051 2305 in
1099 2259 1352 2305 errores
1400 2240 1738 2321 incideret,
1789 2241 1926 2306 fere
1974 2241 2053 2304 ad
2103 2242 2373 2306 verbum
2420 2239 2696 2305 reddere
2727 2239 2970 2304 maluit.

794 2349 1152 2414 Praeterea
1199 2366 1280 2413 ex
1326 2348 1453 2413 alio
1486 2350 1783 2429 exemplo
1812 2348 2111 2429 intellegi
2142 2365 2396 2430 cense0,
2445 2365 2635 2426 quam
2667 2354 2978 2437 versatus

613 2456 998 2520 Ambrosius
1059 2456 1124 2520 in
1173 2453 1409 2521 Galeni
1468 2454 1654 2519 libris
1698 2456 1913 2520 fuerit.
2006 2456 2132 2520 Hic
2195 2455 2366 2519 enim
2414 2455 2480 2519 in
2527 2455 2693 2519 libro
2740 2453 2841 2519 XI
2887 2453 2976 2518 ad

615 2562 805 2627 faciei
871 2570 1089 2643 partes
1152 2562 1504 2643 diligenter
1549 2563 1927 2628 tractandas
1989 2562 2242 2628 transit.
2337 2562 2522 2644 Quod
2569 2561 2975 2643 propositum

612 2676 993 2749 persecutus
1059 2672 1125 2734 in
1192 2671 1408 2751 capite
1472 2669 1571 2734 XI
1635 2668 1723 2751 (p.
1772 2668 1928 2751 893)
1974 2670 2261 2750 inquirit,
2311 2688 2498 2749 quem
2545 2688 2733 2734 usum
2778 2687 2980 2735 aures

613 2778 811 2857 capiti
873 2776 1169 2843 afferant.
1262 2776 1419 2841 Cum
1481 2778 1604 2841 hac
1666 2777 2071 2858 expositione
2131 2778 2513 2842 Ambrosius
2576 2776 2786 2842 denuo
2832 2781 2973 2841 tam

611 2884 834 2963 multa,
902 2902 1066 2964 quae
1127 2885 1190 2948 in
1241 2884 1388 2949 aliis
1434 2884 1725 2950 fontibus
1770 2903 1899 2950 non
1944 2885 2273 2967 leguntur,
2340 2884 2701 2949 communia
2745 2884 2975 2966 habet,

612 2998 684 3055 ut
751 2993 860 3057 vix
924 2992 1272 3073 negaveris
1333 3011 1479 3057 eum
1527 2992 1591 3057 in
1640 2992 1764 3057 hac
1812 3009 2064 3072 quoque
2118 3010 2190 3056 re
2237 3010 2320 3057 ex
2367 2990 2616 3058 Galeno
2664 2990 2979 3071 pendere„

617 3098 739 3181 Qui
776 3102 1050 3180 praebet
1079 3099 1242 3163 haec
1272 3096 1482 3180 (895):
1531 3092 1766 3160 λοιπὸν
1800 3082 1914 3159 οὖν
1948 3094 2091 3177 ἐστι
2115 3092 2185 3160 τὸ
2211 3102 2323 3183 τῆς
2355 3093 2552 3186 α’κοῆς
2587 3092 2980 3181 αἰσθητικὸν

611 3201 905 3286 ὄργανον,
977 3200 1047 3266 έν
1111 3190 1160 3287 ᾧ
1224 3205 1331 3267 καὶ
1396 3205 1571 3290 αὐτῷ
1640 3201 1906 3289 πρώτην
1964 3204 2088 3285 μὲν
2149 3203 2267 3293 τὴν
2313 3201 2477 3268 καιὰ
2528 3201 2599 3267 τι)
2647 3204 2973 3275 λιθοειδὲς

615 3313 846 3374 ὀστοῦν
903 3308 1080 3374 ἕλικα
1141 3320 1258 3374 τοῦ
1331 3308 1541 3393 πόρου
1608 3308 2135 3376 κατεσκευάσατο
2204 3308 2367 3396 πρὸς
2436 3308 2508 3374 -τὸ
2573 3312 2777 3395 μηδὲν
2839 3322 2975 3375 τῶν

609 3416 857 3491 ἔξωθεν
907 3415 1472 3503 προσπιπτόντων
1516 3408 1973 3499 λυμαίνεσθαι.
2068 3426 2177 3483 καί
2223 3438 2319 3482 σοι
2368 3421 2475 3481 καὶ
2529 3421 2682 3504 περὶ
2731 3425 2977 3504 ταύτης

613 3526 848 3597 ἱκανῶς
909 3520 943 3587 ὁ
997 3522 1290 3609 πρόσθεν
1350 3522 1697 3614 ἐξηγήσατο
1754 3525 1966 3605 λόγος(
2034 3528 2334 3606 δεύτερον
2382 3526 2449 3588 δὲ·
2489 3524 2805 3607 καθάπερ
2838 3536 2977 3588 τῶν·

605 3631 980 3716 ὀφθαλμῶν
1050 3628 1164 3704 τὰς
1226 3637 1442 3713 τρίχας
1511 3643 1638 3695 τῶν
1705 3631 1965 3716 ιίᾳρύοον
2042 3636 2469 3717 ὑπερέθηκεν,
2545 3629 2976 3710 ἐκδεχομένας.

621 3745 958 3825 προτέρας,
1021 3739 1085 3802 εἴ
1119 3765 1182 3803 τι
1241 3746 1352 3827 τῆς
1415 3740 1696 3825 κεφαλῆς
1743 3740 1835 3811 εἰς
1901 3743 2134 3811 αὐτοὺς
2204 3733 2564 3820 καταρῥὲοι,
2636 3733 2799 3800 κατὰ
2848 3732 2973 3799 τὸν

612 3842 814 3911 αὐτὸν
860 3844 1108 3928 τρόπον
1157 3843 1481 3933 ἐβουλήθη
1528 3870 1590 3909 τι
1637 3849 1747 3910 καὶ
1792 3857 1921 3909 τῶν
1967 3844 2147 3909 ὤιων
2189 3846 2573 3929 προθεῐναιζ
2621 3840 2780 3908 ἄλλα
2828 3853 2978 3918 τοῖς

603 3954 731 4034 μὲν
777 3952 1146 4036 ὀφθαλμοῖς
1193 3950 1294 4036 ἐφ’
1334 3952 1586 4039 ὑψηλοῦ
1633 3956 1962 4034 δεομένοις
2008 3958 2289 4034 κεῖσθαι,
2338 3954 2657 4017 δέδεικται
2689 3950 2807 4039 γὰρ
2854 3954 2968 4017 καὶ

608 4070 821 4142 τοῦτο,
876 4066 1042 4142 μέγα
1103 4055 1176 4123 τὸ
1244 4057 1588 4145 πρόβλημα
1658 4070 1887 4124 ποιεῖν.
1926 4059 2016 4133 εἰς
2063 4070 2388 4138 τοσοῦτον,
2439 4064 2521 4133 ὡς
2582 4059 2977 4125 ἐπισκοτεῖν·

608 4171 848 4251 αὐτοῖς,
900 4169 1014 4232 οὐκ
1048 4151 1126 4253 ἦν
1171 4165 1467 4239 ἄμεινον·
1516 4163 1631 4230 ἐπὶ
1677 4168 1752 4231 δέ
1795 4189 1864 4247 γε
1928 4172 2038 4253 τῆς
2084 4164 2280 4255 α’κοῆς
2342 4163 2497 4231 αὐτὸ
2559 4172 2964 4253 τούναντίον,

791 4364 831 4427 ¹)
870 4362 999 4416 Cum
1041 4362 1250 4416 Galcno
1291 4362 1456 4416 ctiam
1499 4362 1685 4415 Cicero
1732 4362 1838 4428 (Dc
1888 4370 2002 4417 nat.
2054 4363 2198 4418 deor.
2241 4364 2295 4416 Π
2338 4367 2429 4429 ΙΙἹ)
2482 4366 2617 4419 mire
2666 4362 2967 4418 consentit.
