3425 5167
1567 456 2013 519 --48Π

601 654 979 727 gproponere
1019 655 1168 702 non
1233 654 1426 701 ausus
1492 641 1613 718 est,
1686 635 1814 701 nisi
1878 635 2043 715 quod
2108 654 2223 716 pro
2292 639 2620 717 „rursum“
2692 634 2970 699 fortasse

605 740 897 828 -„eursu“
946 741 1358 809 scribendum
1406 760 1553 807 esse
1601 741 1987 823 suspicatur.
2065 743 2167 807 De
2213 758 2340 820 qua
2386 742 2757 806 coniectura
2802 740 2975 805 infra

619 868 908 931 agemus.
1037 848 1449 917 Goldbaoher
1502 851 1608 913 ab
1686 849 1914 914 eadem
1994 866 2153 915 voce
2238 849 2568 923 „rursum“
2644 848 2974 928 profectus

600 957 904 1042 -conieoit
955 952 1308 1039 „pruritu“.
1394 954 1524 1021 Sed
1570 974 1822 1037 vereor,
1871 974 1954 1021 ne
1997 956 2163 1021 haec
2210 956 2579 1021 coniectura
2627 954 2979 1037 speciosior

601 1083 817 1145 «quam
849 1064 1078 1146 ⁹verior
1117 1063 1234 1129 sit.
1285 1061 1499 1153 Supra
1540 1064 1710 1128 enim
1746 1063 2025 1128 vidimus
2056 1064 2468 1128 Ambrosium
2509 1063 2709 1128 totius
2741 1060 2979 1141 Apulei

629 1171 945 1237 enuntiati
1008 1177 1077 1237 et
1137 1190 1402 1237 sensum
1463 1175 1531 1237 et
1594 1171 1906 1251 pleraque
1970 1172 2171 1235 verba
2233 1170 2632 1251 complexum
2691 1170 2979 1235 scribere

613 1276 689 1363 (ξ
739 1276 874 1363 7.·5):
947 1278 1135 1358 „quid
1184 1279 1265 1343 de
1311 1277 1708 1360 genitalibus
1758 1278 2000 1357 loquar,
2065 1296 2258 1356 quae
2305 1277 2528 1343 venis
2578 1297 2614 1343 e
2660 1277 2980 1359 regione

629 1386 970 1451 cervicis
1032 1404 1170 1465 per
1215 1403 1442 1450 renes
1489 1385 1869 1463 lumbosque
1916 1384 2211 1449 deductis
2260 1385 2705 1463 suscipiunt
2767 1382 2983 1465 geni-

612 1492 802 1557 ·tale
851 1493 1259 1585 seminium
1306 1491 1385 1556 ad
1435 1510 1665 1557 munus
1715 1499 1783 1556 et
1830 1492 2105 1573 gratiam
2155 1489 2766 1572 procreandi?“

814 1599 938 1681 Qui
982 1600 1160 1664 locus
1209 1600 1482 1679 primum
1532 1598 1725 1664 docet
1771 1600 2031 1663 easdem
2084 1617 2231 1663 esse
2280 1618 2502 1679 venaS‚
2553 1617 2715 1677 quae
2764 1618 2800 1663 e
2848 1614 2984 1662 oer-

615 1706 885 1791 ·vicibus
931 1707 1336 1772 deducuntur
1383 1724 1674 1786 quaeque
1722 1707 2069 1771 humanum
2104 1724 2325 1771 semen
2367 1706 2716 1772 continent.
2794 1705 2989 1769 Prae-

633 1819 820 1895 terea
882 1816 1301 1880 observamus
1363 1814 1776 1879 Ambrosium
1841 1813 1981 1879 fere
2045 1814 2258 1878 omnia
2319 1816 2521 1880 verba
2584 1832 2664 1879 ex
2712 1815 2988 1896 Apuleio

620 1927 998 1987 mutuatum
1061 1940 1224 1987 esse.
1337 1920 1464 1987 Sed
1531 1939 1727 1985 unum
1790 1921 2058 1986 verbum
2129 1921 2793 2004 praestantissimum,
2866 1940 2989 2002 quo

634 2029 903 2095 seminis
964 2029 1260 2094 exeuntis
1307 2033 1375 2094 et
1419 2029 1801 2109 procreandi
1854 2046 2049 2092 causa
2095 2028 2437 2108 indicatur,
2506 2029 2753 2093 omisit:
2816 2030 2990 2094 idem

646 2134 1000 2218 „pruritu“‚
1045 2136 1211 2214 quod
1245 2135 1659 2201 Goldbaeher
1703 2136 1826 2201 hoo
1872 2136 2010 2200 loeo
2059 2136 2418 2201 substituit.
2497 2135 2569 2199 Id
2621 2136 2790 2213 quod
2837 2155 2992 2201 casu

621 2244 881 2310 ..factum
946 2261 1093 2309 esse
1155 2242 1311 2308 mihi
1361 2243 1469 2307 vix
1532 2242 1977 2323 persuadeam.
2070 2243 2273 2307 Immo
2321 2261 2476 2308 vero
2524 2262 2606 2308 ex
2651 2243 2993 2308 Ambrosio

641 2351 784 2418 veri
832 2350 1104 2415 similius
1152 2349 1230 2417 fit
1272 2351 1382 2414 illo
1437 2351 1576 2414 loeo
1625 2348 1800 2413 aliud
1848 2352 2117 2415 verbum
2164 2351 2430 2415 minoris
2480 2351 2805 2431 momenti,
2867 2367 2993 2430 quo

643 2458 1010 2527 sententiae
1059 2475 1288 2522 sensus
1334 2476 1461 2521 non
1510 2442 1957 2539 commutatur,
2010 2458 2363 2523 exstitisse.
2428 2456 2611 2539 Quod
2646 2457 2845 2523 fuerit
2874 2458 2995 2522 hoc

641 2568 933 2641 verbum,
983 2585 1063 2629 ex
1108 2565 1452 2629 Ambrosio
1512 2584 1626 2644 pro
1676 2573 1853 2629 corto
1901 2566 2042 2630 erui
2091 2584 2219 2629 non
2270 2574 2498 2647 potest.
2591 2566 2834 2631 Tamen
2884 2566 2998 2630 im-

645 2672 980 2753 probabile
1027 2690 1153 2736 non
1203 2682 1304 2736 est
1350 2690 1543 2734 unum
1592 2691 1671 2736 ex
1718 2674 1812 2737 eis
1845 2672 2064 2738 verbis
2105 2674 2576 2754 AmbrosianiS‚
2626 2690 2791 2753 quae
2824 2671 2994 2753 apud

612 2778 985 2865 ‘Apuleium
1035 2796 1160 2843 non
1206 2778 1532 2860 leguntur,
1585 2797 1809 2843 verum
1864 2779 2040 2855 illius
2088 2781 2495 2860 corruptelae
2554 2799 2815 2845 sensum
2864 2797 2999 2844 ser·

632 2904 862 2953 vvasso.
941 2884 1011 2949 Si
1057 2886 1234 2950 haee.
1252 2888 1452 2951 verba
1498 2886 1989 2969 perlustramuS‚
2039 2888 2243 2952 solum
2290 2871 2459 2952 illud
2505 2887 2877 2967 „deductis“
2929 2886 2999 2950 in

637 3012 911 3061 censum
987 2994 1212 3058 venire
1281 2999 1524 3075 potest,
1598 2994 1766 3072 quod
1838 2994 1917 3057 ad
1988 2993 2251 3073 „venis“
2323 2996 2599 3059 relatum
2669 2995 2732 3058 in
2803 2992 2999 3058 simili

627 3102 992 3167 ⁴verborum
1058 3119 1231 3165 nexu
1296 3102 1594 3181 occurrit,
1659 3116 1850 3179 quem
1898 3101 2297 3165 Hildebrand
2349 3102 2717 3167 coniectura
2770 3119 3001 3178 „cursu

651 3190 1001 3275 venarum“
1054 3196 1313 3286 assequi
1360 3208 1582 3273 voluit.
1674 3208 1905 3286 Itaque
1955 3227 2080 3272 non
2130 3208 2315 3273 video
2366 3209 2517 3287 quid
2566 3211 2799 3289 obstet,
2852 3224 3000 3286 quo-

645 3316 862 3380 minus
908 3313 1377 3405 Hildebrandio
1442 3315 1821 3393 adstipulati
1880 3310 2147 3380 formam
2216 3320 2510 3404 „oursu“‚
2578 3333 2743 3395 quae
2791 3333 3001 3396 neque

655 3442 694 3487 a
741 3421 1033 3486 codicum
1063 3421 1362 3502 vestigiis
1408 3438 1620 3501 neque
1668 3423 1749 3485 ab
1784 3424 2216 3487 Ambrosiana
2264 3424 2590 3488 sententia
2633 3424 2845 3488 aliena
2875 3427 2999 3503 est,

647 3534 768 3594 aut
813 3528 1160 3611 genuinam
1208 3547 1355 3594 esse
1403 3535 1515 3593 aut
1544 3530 1825 3594 mutilati
1867 3530 1991 3594 loci
2024 3548 2284 3597 sensum
2316 3530 2590 3596 reddere
2623 3537 3001 3595 statuamus.

833 3636 1081 3718 Quibus
1116 3636 1438 3717 expeditis
1462 3638 1612 3701 huio
1647 3637 2066 3717 disputationi
2093 3636 2285 3701 finem
2312 3636 2731 3716 imponamus.
2766 3636 3001 3719 Quam-

652 3761 849 3823 ‹quam
895 3743 992 3809 rei
1040 3744 1408 3824 propositae
1450 3744 1719 3807 multum
1751 3744 2107 3823 profecisse
2143 3744 2297 3807 mihi
2331 3762 2457 3808 non
2492 3744 2733 3826 videor,
2783 3751 3005 3808 tamen-

655 3849 987 3915 nonnullis
1035 3851 1349 3930 exemplis
1383 3850 1888 3914 demonstratum
1941 3868 2087 3916 esse
2134 3858 2287 3929 puto
2321 3852 2645 3915 Ambrosii
2696 3855 3006 3931 excerpta

655 3956 1024 4036 Apuleiana
1063 3973 1538 4035 nonnumquam
1571 3956 1867 4022 conferre
1899 3957 1980 4021 ad
2027 3958 2499 4022 restituendam
2544 3958 2777 4037 Apulei
2823 3957 3007 4022 leoti-

623 4082 843 4129 ·onem
891 4064 1254 4146 genuinam.

1617 4288 1988 4296 ———-—-—-
2005 4294 2041 4302 x
