3425 5167
1561 468 1991 530 „33-

783 647 924 731 Quo
1031 649 1171 713 loco
1267 648 1459 713 nixus
1551 648 1869 727 Apuleius
1970 646 2264 713 exhibet:
2369 648 2699 729 „lienem
2773 663 2957 713 vero

588 756 927 821 iocineri
997 774 1142 820 non
1211 755 1512 819 frustra
1574 773 1767 821 esse
1844 754 2314 837 finitimum,
2390 762 2463 819 ut
2524 754 2665 821 eius
2725 752 2959 820 redun-

491 936 508 949 ‚
587 862 894 928 ‘dentiam
955 862 1365 943 participatis
1428 862 1769 928 haustibus
1832 862 2085 928 relevet
2141 865 2765 948 abstergeatque
2839 880 2955 939 ea,

587 988 804 1051 ‘quae
863 969 1208 1035 sordium
1270 969 1614 1049 tuerint,
1693 988 2052 1049 purumque
2123 987 2200 1034 ac
2262 971 2584 1035 sincerum
2649 973 2959 1049 praestet,

587 1078 774 1158 quod
838 1078 1115 1143 maxime
1194 1076 1428 1142 fibris
1507 1086 1614 1141 est
1692 1076 2147 1142 commodum.“
2256 1076 2497 1142 Eodem
2562 1075 2749 1141 modo
2811 1077 2960 1139 Am-

585 1184 862 1250 'brosius
928 1203 966 1249 a
1027 1184 1435 1265 pulmonibus
1490 1184 1572 1249 ad
1627 1184 1867 1249 lienem
1926 1202 1999 1249 se
2044 1185 2368 1250 convertit
2414 1180 2479 1267 (ἓ
2528 1181 2663 1267 71):
2728 1183 2960 1259 „Lien

603 1309 907 1372 quoque
963 1309 1135 1356 cum
1191 1294 1451 1356 iecore
1523 1292 1755 1357 habet
1824 1292 2201 1357 viciniam
2262 1290 2783 1371 fructuosam,
2852 1290 2962 1369 qui

606 1399 759 1464 dum
840 1399 1150 1477 adsumit,
1239 1416 1362 1477 quo
1444 1399 1586 1478 ipsc
1668 1406 2003 1479 pascatur,
2086 1400 2502 1476 abstergit
2579 1396 2962 1477 quidquid

607 1504 961 1571 sordium
1009 1504 1689 1585 deprehenderit,
1740 1514 1811 1570 ut
1843 1524 1959 1587 per
2006 1506 2255 1569 fibras
2302 1505 2535 1570 iecoris
2581 1505 2963 1569 minutiores

608 1613 896 1678 ciborum
976 1614 1228 1703 possint
1311 1624 1542 1678 tenues
1628 1618 1823 1693 atquc
1912 1613 2187 1677 subtiles
2261 1613 2577 1691 reliquiae
2658 1612 2961 1692 transire,

607 1738 774 1799 quac
809 1727 1147 1785 vertantur
1191 1722 1257 1785 in
1303 1721 1685 1801 sanguinem
1719 1771 1732 1784 .
1767 1772 1781 1785 .
1815 1721 1868 1783 .“
1939 1722 2163 1785 Denuo
2206 1721 2625 1785 observamus
2658 1717 2966 1783 nonnulla

609 1827 902 1892 Platonis
975 1827 1310 1893 doctrinae
1372 1828 1656 1909 vestigia
1725 1827 1892 1907 apud
1962 1829 2371 1891 Ambrosium
2450 1826 2743 1907 reperiri.
2836 1822 2966 1891 Sed

606 1936 732 2000 hoc
762 1953 1012 2015 quoque
1043 1936 1182 2001 loco
1204 1936 1595 2011 ⁸Ambrosius
1630 1936 1973 2015 Apuleium
2006 1936 2267 2000 uberius
2308 1935 2776 2014 interpretatus
2810 1930 2969 1997 dicit

605 2046 842 2111 tenues
883 2043 1062 2107 cibos
1101 2049 1412 2123 purgatos
1450 2044 1517 2106 in
1559 2044 1937 2124 sauguinem
1993 2042 2177 2107 verti.
2270 2041 2455 2124 Quod
2488 2040 2801 2120 Apuleius
2846 2040 2967 2105 hac

607 2149 693 2215 de
757 2169 830 2213 re
891 2150 1059 2214 nihil
1118 2149 1352 2231 refert,
1418 2150 1801 2214 Ambrosius
1875 2156 2102 2229 aperte
2171 2149 2408 2214 iterum
2486 2167 2606 2213 sua·
2680 2147 2967 2228 corporis

609 2257 877 2322 humani
932 2258 1300 2339 cognitione
1356 2256 1648 2322 confisus·
1681 2256 1964 2321 auctoris
2012 2257 2483 2337 expositionem
2530 2252 2967 2335 amplificavit.

610 2361 817 2446 Quam
876 2364 1214 2429 scientiam
1263 2364 1568 2444 scriptori
1614 2382 1690 2428 eo
1738 2362 1997 2428 facilius
2043 2364 2401 2427 attribuere
2448 2362 2623 2443 licet,
2687 2361 2851 2441 quod
2902 2364 2968 2424 et

612 2470 738 2536 hoc
783 2476 852 2536 et
897 2471 1042 2536 aliis
1090 2472 1249 2536 locis
1296 2490 1394 2553 ea,
1445 2489 1609 2551 quae
1656 2472 1741 2535 de
1772 2489 1887 2535 suo
1934 2470 2192 2550 adiecit,
2241 2470 2489 2537 leviora
2518 2474 2770 2533 tantum
2818 2473 2973 2533 sunt

608 2578 1009 2658 minorisque
1067 2578 1394 2658 momenti,
1455 2578 1771 2643 eiusmodi
1840 2596 1949 2643 res
2018 2577 2188 2660 dice,
2268 2594 2433 2657 quas
2496 2577 2686 2642 homo
2752 2580 2970 2641 mente

611 2702 774 2750 sana
819 2685 1155 2766 praeditus
1197 2687 1394 2750 etiam
1427 2686 1571 2750 sine
1602 2685 2021 2765 profundiore
2066 2684 2458 2749 naturalium
2490 2702 2706 2753 rerum
2738 2682 2971 2749 notitia

614 2793 993 2873 excogitare
1039 2800 1109 2857 ct
1153 2811 1478 2873 apponere
1523 2792 1754 2873 potuit.
1798 2828 1851 2836 -
1904 2792 1981 2855 In
2015 2809 2259 2874 genere
2300 2791 2558 2856 (licendi
2591 2790 2971 2871 Ambrosius

615 2899 720 2965 bis
763 2902 848 2965 ab
882 2895 1243 2981 Apuleiano
1279 2918 1576 2965 sermone
1606 2900 1886 2965 aberrat.
1917 2900 2206 2964 Primum
2251 2901 2318 2967 in
2350 2898 2653 2979 fingendo
2686 2898 2973 2962 ablativo

601 3022 657 3071 ··a
727 3007 980 3089 „iecur“
1050 3006 1344 3097 derivato
1409 3008 1763 3088 pleniorem
1826 3006 2278 3071 formationem
2348 3002 2733 3089 „iocinere“,
2804 3020 2973 3085 quae

607 3114 790 3195 apud
816 3115 1159 3195 Apuleium
1195 3116 1493 3195 occurrit,
1527 3122 1915 3196 aspernatus
1948 3115 2349 3179 usitatiorem
2376 3113 2649 3179 formam
2679 3112 2967 3193 „iecore“

617 3222 830 3303 ponit,
896 3231 1256 3303 praeterea,
1294 3222 1383 3285 ·si
1458 3222 1833 3286 melioribus
1894 3221 2081 3286 libris
2168 3240 2361 3285 manu
2440 3220 2705 3301 scriptis
2778 3218 2972 3283 fidem

616 3381 1020 3463 habemus1),
1070 3382 1254 3446 verbi
1306 3380 1767 3464 „abstergere“
1820 3400 1945 3447 non
2009 3387 2084 3445 ut
2132 3380 2445 3461 Apuleius
2501 3379 2791 3462 alteriuS‚
2857 3378 2973 3445 sed

621 3488 859 3555 tertiae
908 3489 1382 3571 coniugationis
1429 3490 1630 3555 utitur
1676 3488 2147 3555 terminatione.

799 3613 928 3679 Sed
975 3613 1059 3679 ad
1117 3614 1292 3679 aliud
1349 3615 1715 3696 exemplum
1760 3612 2335 3695 transgrediamur.
2431 3612 2748 3693 Apuleius
2801 3616 2976 3693 post-

605 3740 814 3802 ‘quam
862 3722 944 3786 de
988 3721 1161 3787 liene
1205 3722 1534 3803 disseruit,
1584 3721 1871 3786 ostendit
1901 3729 2183 3801 quantae
2222 3720 2488 3785 utilitati
2522 3720 2975 3785 intestinorum

620 3831 812 3895 orbes
874 3828 940 3893 iu
1003 3846 1076 3893 se
1137 3829 1485 3893 redeuutes
1549 3828 1801 3909 corpori
1864 3828 2143 3892 humano
2206 3826 2354 3891 sint.
2447 3825 2592 3909 Qua
2648 3827 2715 3891 in
2777 3825 2977 3907 expli-

622 3936 875 4002 catione
937 3935 1108 3999 hunc
1155 3935 1444 3999 Platonis
1509 3934 1719 4000 locum
1776 3941 1930 3999 ante
1983 3934 2200 3999 oculos
2253 3933 2484 3999 habuit
2529 3933 2713 4017 (Tim.
2765 3932 2849 3996 73
2882 3933 2975 4018 A):

601 4040 869 4115 ,εἴλιξαν
914 4042 1110 4125 πέριξ
1159 4039 1277 4129 τὴν
1323 4049 1451 4103 τῶν
1499 4036 1774 4125 ἐντέρων
1819 4044 2087 4123 γένεσιν,
2142 4030 2323 4111 ὅπως
2377 4036 2468 4127 μὴ
2513 4042 2673 4119 ταχὺ
2721 4040 2977 4103 desitne·

622 4158 796 4234 ρῶσα
843 4147 897 4237 ἡ
962 4144 1167 4235 τροφὴ
1229 4148 1388 4226 ταχὺ
1453 4143 1655 4211 πάλιν
1714 4151 1957 4234 τροφῆς
2027 4142 2250 4229 ἑτέρας
2317 4146 2581 4209 δεῖσθαι
2648 4140 2723 4216 τὸ
2796 4154 2979 4227 σῶμα

810 4418 850 4484 ¹)
889 4416 1041 4469 codd.
1085 4414 1204 4467 ΝΜ
1245 4414 1531 4491 exhibent:
1570 4413 1875 4481 absentet.
