3425 5167
1495 466 1920 528 „19,.„

527 668 694 727 τους,
743 640 964 728 ὥσπερ
1011 649 1223 723 στόμα
1255 665 1327 707 τε
1375 644 1484 706 καὶ
1513 647 1689 729 ῥῖνας
1738 645 1845 705 καὶ
1894 626 2023 707 (εἶτα
2073 644 2152 709 ad
2202 663 2468 709 cancros
2510 631 2724 711 ¹relata
2769 663 2879 726 op·

526 756 750 820 timum
822 756 1141 835 praebent
1205 770 1482 817 sensum.
1595 752 1757 816 Nam
1828 751 2035 831 fingas
2106 752 2227 816 tibi
2292 752 2483 817 velim
2553 770 2878 837 cancrum,

531 862 714 927 cuius
761 862 996 941 ocuIOS,
1047 878 1196 925 cum·
1237 860 1727 940 protendantur,
1774 860 1979 924 vel-uti
2026 860 2466 939 speculatores
2514 868 2727 923 turres
2773 859 2880 923 vel

527 968 790 1034 navium
847 986 1085 1032 cornua
1141 966 1498 1033 ascendere
1527 966 1843 1035 -Galenus
1899 966 2140 1047 insigni
2200 965 2676 1045 comparatione
2724 984 2883 1031 usus

529 1075 702 1140 dicit.
797 1073 924 1140 Sed
987 1074 1244 1139 omnino
1305 1074 1495 1139 aliter
1540 1091 1650 1163 res
1697 1092 1769 1139 se
1816 1074 2017 1139 habet
2062 1074 2228 1154 apud
2278 1073 2712 1152 Ambrosium,
2772 1074 2883 1153 qui

530 1201 672 1246 cum
720 1182 898 1247 dicat
933 1198 1180 1261 „neque
1229 1181 1400 1249 ¹enim
1433 1181 1778 1261 oportebat
1824 1198 1935 1245 eos
1967 1180 2246 1245 humiles
2294 1199 2441 1245 esse
2474 1180 2642 1245 sicut
2689 1199 2883 1245 aures

531 1290 637 1355 vel
701 1308 771 1354 os
827 1288 1132 1369 ipsosque
1189 1288 1443 1352 narium
1500 1286 1848 1353 interiores
1906 1288 2125 1352 sinus*‘
2179 1288 2326 1368 ipsa
2388 1286 2622 1353 Galeni
2678 1290 2885 1353 verba

528 1396 668 1461 fere
732 1396 994 1477 integra
1056 1395 1454 1473 transcribit,
1518 1394 1631 1459 sed
1691 1393 1772 1458 ad
1829 1394 2125 1459 homines
2180 1395 2389 1459 relata
2436 1413 2577 1459 meo
2604 1394 2885 1474 *quidem

530 1502 767 1568 iudicio
836 1503 1030 1567 male.
1069 1502 1556 1581 interpretatur.
1665 1501 2013 1567 Hominum
2074 1484 2265 1566 enim
2310 1502 2476 1566 oculi
2540 1500 2886 1566 altitudine

530 1630 571 1674 a
617 1610 854 1675 ceteris
911 1627 1218 1673 sensuum
1276 1608 1748 1688 instrumentiS,
1807 1609 2005 1675 veluti
2057 1608 2341 1689 auribus,
2389 1608 2503 1673 vix
2551 1607 2894 1688 differunt„

530 1735 675 1781 cum
735 1734 1114 1781 c*·*crorum
1180 1715 1343 1780 oculi
1410 1734 1605 1796 supra
1653 1733 1969 1779 summum
2018 1716 2324 1781 verticem
2381 1716 2575 1780 locati
2622 1716 2893 1780 auribus.

532 1842 602 1888 re
655 1842 808 1889 vera
870 1823 1069 1887 multo
1133 1823 1399 1888 altiores
1462 1824 1609 1887 sint.
1704 1822 1937 1901 Itaque
1986 1822 2222 1888 Galeni
2278 1824 2597 1887 enuntiati
2654 1841 2888 1887 sensus

532 1948 728 1996 sanus
786 1932 867 1995 ab
917 1932 1257 1995 Ambrosio
1315 1949 1439 1994 non
1497 1937 1753 1993 tantum
1799 1931 2195 2011 immutatus,
2254 1930 2365 1994 sed
2418 1931 2613 1994 etiam
2660 1930 2887 2010 depra-

531 2046 723 2102 vatus
771 2055 919 2102 esse
967 2037 1121 2101 mihi
1171 2036 1446 2101 videtur.

710 2146 1092 2209 Ambrosius
1161 2163 1304 2208 cum
1386 2152 1617 2225 pergat
1673 2113 1889 2208 oculos
1949 2163 2089 2208 cum
2150 2092 2670 2223 exploratoribus
2720 2163 2888 2210 com-

533 2268 788 2332 parare,
852 2252 919 2314 in
982 2252 1105 2315 hac
1167 2268 1428 2331 quoque
1477 2269 1550 2315 re
1613 2270 1652 2313 a
1701 2248 1951 2315 Galeno
2007 2251 2201 2331 longe
2248 2250 2551 2316 deflectit.
2642 2252 2888 2317 Tamen

532 2357 1010 2423 concedendum
1075 2374 1402 2421 est-eum.
1464 2358 1654 2421 huius
1716 2358 2035 2421 enuntiati
2098 2375 2358 2422 sensum
2421 2358 2503 2422 ad
2559 2358 2887 2423 hominum

535 2465 754 2529 oculos
815 2465 1091 2530 relatum
1145 2483 1279 2529 -non
1328 2466 1468 2530 sine
1535 2474 1676 2529 arte
1725 2465 1804 2529 ad
1872 2483 2057 2529 suum
2121 2483 2303 2531 usum
2356 2465 2891 2531 accommodasse.

715 2572 1010 2650 Denique
1051 2580 1255 2637 totum
1290 2573 1614 2653 Ambrosii
1657 2574 2125 2637 sententiarum
2169 2582 2541 2637 contextum
2584 2592 2623 2637 a
2654 2572 2890 2639 Galeni

534 2697 799 2759 prorsus
863 2679 1141 2743 alienum
1213 2698 1358 2743 esse
1420 2680 1533 2744 vix
1597 2686 1698 2743 est
1765 2698 1877 2743 cur
1937 2678 2193 2760 longius
2258 2698 2589 2761 exponam.
2698 2680 2891 2759 Apud

537 2785 855 2851 Galenum
915 2788 1086 2870 enim
1143 2787 1305 2850 hacc
1363 2787 1718 2865 disputatio
1766 2805 1846 2850 ex
1902 2795 2040 2852 tota
2087 2787 2648 2867 argumentatione
2693 2805 2891 2851 unum

539 2895 897 2957 membrum
948 2904 1068 2965 est,
1121 2911 1265 2955 cum
1313 2912 1394 2955 ex
1425 2893 1754 2957 Ambrosii
1802 2894 2023 2957 verbis
2070 2893 2245 2957 nullo
2293 2895 2478 2957 modo
2526 2893 2893 2977 colligatur,

537 2998 638 3061 cui
688 2999 783 3062 rei
833 2997 1374 3077 demonstrandae
1422 2997 1585 3062 haec
1633 2998 1949 3078 expositio
1997 2998 2329 3063 inserviat.

716 3103 818 3167 Ex
865 3104 980 3167 tali
1025 3102 1348 3169 scribendi
1393 3104 1644 3184 ratione
1704 3104 1991 3169 imitator
2048 3107 2441 3186 agnoscitur,
2496 3108 2623 3188 qui,
2675 3126 2893 3187 quam·

539 3230 727 3289 quam
774 3210 1072 3274 uberiore
1115 3218 1209 3274 et·
1224 3210 1661 3290 splendidiore
1699 3214 2042 3277 verborum
2082 3218 2313 3278 ornatu
2346 3214 2571 3303 utitur,
2612 3216 2899 3291 auctoris

538 3316 837 3397 exempla
883 3334 1006 3391 suo=
1050 3317 1321 3404 arbitrio
1370 3318 1711 3389 immutata
1764 3320 1831 3383 in
1882 3319 2079 3384 alium
2127 3321 2602 3386 sententiarum
2656 3308 2896 3386 nexum

535 3424 872 3489 transfert.
921 3459 998 3467 -—
1072 3485 1090 3492 ..
1501 3412 1504 3418 ¹

724 3529 855 3597 Sed
926 3532 1366 3597 examinemus
1434 3533 1685 3612 reliqua
1742 3534 2059 3615 exempla.
2160 3534 2369 3613 Supra
2432 3536 2710 3601 vidimus
2770 3534 2896 3601 Ga-

536 3641 776 3720 lenum,
844 3643 1185 3725 postquam
1249 3640 1329 3704 de
1387 3658 1764 3705 cancrorum
1821 3645 1888 3705 et
1934 3642 2426 3706 scarabaeorum
2489 3643 2689 3707 oculi·
2738 3644 2895 3726 egit,

538 3766 612 3811 eo
675 3743 1067 3827 procedere,
1116 3751 1188 3810 ut
1247 3746 1578 3811 hominum
1640 3735 1860 3813 oculos
1921 3748 2247 3813 tutissime
2314 3758 2381 3813 et
2438 3750 2773 3829 aptissime
2828 3751 2897 3815 in

539 3853 751 3931 capite
799 3852 1148 3917 collocatos
1207 3870 1353 3917 esse
1401 3855 1795 3920 ostenderet.
1870 3856 2167 3937 Apparet
2213 3857 2381 3920 hanc
2429 3858 2899 3937 expositionem

542 3958 878 4023 Ambrosii
895 3959 1184 4024 consiliis
1204 3960 1444 4042 optime
1462 3962 1895 4041 respondisse.
1928 3962 2157 4042 Itaque
2172 3982 2298 4028 non
2312 3963 2709 4039 mirabimur,
2730 3966 2900 4045 quod

538 4066 772 4130 iterum
805 4062 1041 4130 Galeni
1082 4049 1446 4132 sententias
1494 4068 1774 4148 arripuit
1808 4076 1876 4135 et
1914 4087 2029 4134 suo
2061 4088 2237 4137 more
2270 4070 2743 4151 interpretatus
2779 4082 2899 4139 est.

842 4167 1073 4235 Galen.
1121 4192 1184 4252 p.
1233 4171 1381 4237 632.
1721 4159 1726 4219 ἷ
2075 4178 2372 4241 Ambros.
2421 4172 2609 4260 §6st

1775 4282 1963 4347 nobis
2029 4288 2242 4348 autem
2310 4285 2377 4348 in
2444 4302 2695 4350 summa
2764 4304 2898 4351 cor-

1775 4390 1953 4470 poris
2031 4396 2218 4470 parte
2297 4392 2603 4457 constitui
2681 4392 2901 4457 oculos

2574 4496 2641 4545 2*
