3425 5167
1572 440 2010 503 „14-

1713 655 1860 739 §3-

1183 818 1286 885 Do
1333 816 1605 886 Galeno
1654 817 2023 883 Ambrosii
2070 820 2387 883 auctore.

793 1017 974 1083 Inter
1037 1017 1252 1082 omnia
1312 1015 1546 1084 Galeni
1611 1034 1811 1097 opera
1874 1018 1935 1083 ei
1994 1016 2166 1096 libri,
2228 1016 2461 1095 quibus
2524 1013 2691 1097 Περὶ
2750 1017 2965 1097 χρείας

612 1126 860 1207 μορίων
906 1124 1305 1205 inscribitur,
1368 1124 1765 1205 singularem
1814 1124 1936 1189 sibi
1994 1124 2327 1188 vindicant
2372 1123 2597 1188 locum.
2688 1120 2853 1185 Nam
2898 1122 2964 1185 in

616 1230 1047 1298 describendo
1125 1248 1392 1310 corpore
1467 1230 1749 1295 humano
1828 1229 2117 1297 Galenus
2195 1248 2338 1296 eam
2416 1229 2731 1311 regulam,
2801 1246 2965 1307 quae

615 1339 839 1419 paucis
900 1338 1120 1405 verbis
1188 1340 1390 1407 Φύσις
1461 1334 1648 1399 οὐδὲν
1707 1340 1922 1423 μάτην
1993 1336 2578 1418 comprehenditur,
2651 1354 2969 1416 nusquam

615 1451 799 1510 tanto
848 1446 1061 1510 studio
1108 1452 1374 1510 secutus
1422 1453 1526 1510 est
1570 1454 1811 1525 quanto
1877 1447 1943 1509 in
1988 1444 2095 1510 his
2142 1446 2224 1510 de
2270 1463 2390 1508 usu
2440 1444 2719 1525 partium
2764 1444 2966 1508 libris.

617 1552 872 1631 Omnia,
922 1570 1090 1632 quae
1135 1552 1587 1632 explanantur,
1637 1552 1789 1617 huic
1835 1552 1929 1618 rei
1995 1551 2536 1617 demonstrandae
2581 1552 2965 1629 inserviunt,

616 1679 767 1725 nam
815 1658 1065 1725 Galeno
1112 1676 1489 1739 persuasum
1540 1665 1643 1724 est
1689 1659 1751 1722 in
1802 1666 1939 1723 toto
1984 1676 2254 1739 corpore
2285 1658 2448 1722 nihil
2479 1658 2780 1739 inveniri,
2813 1658 2965 1736 quin

618 1766 862 1848 aliquid
939 1766 1018 1831 ad
1098 1767 1378 1831 hominis
1463 1767 1739 1831 salutem
1832 1766 2103 1831 adferat.
2230 1764 2732 1849 Quaestionibus
2823 1768 2969 1830 sub-

621 1875 945 1940 tilissimis
1008 1873 1602 1955 spinosissimisque
1662 1874 1963 1939 tractatis
2024 1892 2281 1955 semper
2341 1892 2417 1939 eo
2464 1874 2835 1955 revertitur,
2899 1879 2970 1937 ut

624 1982 1026 2064 singularum
1071 1982 1355 2062 partium
1409 1982 1760 2047 utilitatem
1808 1990 1876 2046 et
1922 1982 2122 2046 totius
2168 1982 2455 2062 corporis
2501 1981 2791 2046 indolem*
2827 1998 2971 2060 per·

618 2090 859 2157 sectam
927 2089 1416 2168 absolutamque
1491 2089 1809 2153 ostendat.
1921 2087 2075 2168 Ipse
2161 2088 2421 2169 saepius
2489 2088 2685 2153 claris
2750 2088 2971 2153 verbis

623 2196 988 2276 confitetur,
1051 2213 1170 2270 quo
1236 2195 1502 2260 consilio
1565 2180 1643 2259 ad
1709 2197 1830 2260 hos
1894 2196 2095 2260 libros
2156 2195 2655 2261 conscribendos
2716 2195 2969 2275 adierit,

624 2314 698 2369 ut
743 2322 940 2367 unum
987 2304 1196 2367 locum
1243 2302 1513 2367 afferam
1559 2305 1643 2381 (v.
1693 2303 1793 2367 111
1844 2322 1898 2382 p.
1950 2302 2077 2364 249
2132 2302 2253 2385 K):
2312 2306 2423 2364 καί
2478 2317 2577 2364 σοι
2621 2296 2966 2365 κάνταῦθα

625 2412 890 2491 πρῶτον
948 2406 1072 2487 μὲν
1125 2403 1572 2492 ἀναμνηστέον
1633 2413 1744 2496 τῆς
1808 2403 1952 2471 κατ’
2017 2403 2215 2493 ἀρχὰς
2283 2402 2593 2493 ῥηθείσης
2653 2405 2965 2489 μεθόδου,

627 2511 868 2603 καθ’ἣν
913 2510 1216 2594 ἐλέγομεν
1265 2511 1536 2578 ἑκάστου
1583 2518 1710 2577 τῶν
1756 2519 2003 2596 μορίων
2050 2513 2167 2603 τὴν
2221 2518 2443 2599 χρείαν
2500 2512 2591 2586 εἰς
2634 2512 2753 2603 τὴν
2801 2510 2971 2598 ἐνέρ-

626 2642 808 2703 γειαν
873 2617 1325 2706 ἀναφέρεσθαι
1385 2627 1612 2709 χρῆναι
1676 2625 1793 2684 τοῦ
1859 2619 2239 2702 σύμπαντος
2308 2617 2601 2703 ὀργάνου·
2668 2619 2969 2705 δεύτερον

623 2726 788 2807 δ’ὡς,
839 2727 901 2791 εί
947 2725 1161 2791 πάνθ’
1199 2722 1720 2799 ὖπαλλάττοντες
1768 2726 1985 2792 αὐτῶν
2030 2732 2121 2813 τῷ
2159 2726 2321 2813 λόγῳ
2364 2731 2531 2817 μήτε
2578 2733 2766 2807 θέσιν
2804 2730 2970 2811 εὖρί·

626 2855 889 2916 σκοιμεν
936 2832 1166 2918 ἑτέραν
1203 2841 1314 2923 τῆς
1358 2838 1477 2898 νῦν
1508 2832 1701 2921 οὔσης
1746 2835 1975 2917 βελτίω
2019 2838 2186 2923 μήτε
2232 2840 2441 2921 σχῆμα
2486 2837 2649 2924 μήτε
2692 2840 2972 2915 μέγεθος

624 2947 791 3032 μήτε
841 2941 1090 3031 πλοκὴν
1133 2934 1463 3030 μήθ’ὅλως
1514 2966 1579 3006 τι
1639 2952 1768 3005 τῶν
1816 2939 2046 3024 ἄλλων,
2116 2936 2160 3005 ἃ
2207 2950 2341 3014 τοῖς
2387 2938 2674 3023 σώμασιν
2721 2934 2971 3007 ἅπασιν

628 3048 698 3125 ἐξ
747 3046 1024 3133 ἀνάγκης
1078 3043 1378 3133 ὖπάρχει,
1427 3047 1827 3135 τελεωτάτην
1876 3046 2374 3131 ἀποφαίνεσθαι
2419 3050 2527 3114 δεῖ
2578 3051 2687 3113 καὶ
2753 3046 2970 3135 πάντη

628 3162 1149 3241 κατωρθωμένην
1227 3155 1343 3243 τὴν
1429 3160 1546 3219 νῦν
1632 3154 1853 3229 αὐτοῖς
1930 3142 2129 3221 οὖσαν
2203 3158 2623 3245 κατασκευήν.
2745 3160 2976 3239 Itaque

629 3265 918 3332 Galenus
977 3265 1045 3328 id
1093 3273 1368 3345 spectat,
1432 3272 1505 3328 ut
1551 3283 1772 3331 omnes
1821 3267 2109 3345 corporis
2160 3274 2377 3346 partes
2426 3284 2611 3331 usum
2659 3266 2977 3346 quendam

629 3373 945 3453 praebere
993 3372 1411 3453 demonstret,
1475 3391 1624 3436 nam
1687 3390 1784 3453 ea,
1851 3391 2016 3452 quae
2060 3369 2565 3458 {supervacanea
2610 3380 2678 3439 et
2722 3374 2979 3465 inutilia

629 3481 780 3560 sint,
832 3479 1042 3558 potius
1103 3478 1544 3544 abscindenda
1604 3497 1751 3545 esse
1798 3478 2203 3564 existimat¹).
2296 3478 2568 3562 Saepius
2626 3480 2976 3546 conditoris

630 3586 1019 3667 sapientiam
1082 3596 1151 3650 et
1218 3586 1568 3652 bonitatem
1629 3593 1763 3651 tam
1811 3586 2057 3651 diserte
2103 3587 2401 3651 laudibus
2449 3586 2755 3668 celebrat,
2822 3596 2895 3652 ut
2939 3608 2979 3653 a

631 3692 999 3758 Christiano
1044 3694 1162 3758 hos
1209 3693 1410 3758 libros
1458 3694 1845 3772 compositos
1896 3713 2043 3759 esse
2090 3695 2423 3773 putaveris
2440 3694 2505 3769 ⁴²).

813 3922 856 3987 1)
894 3920 964 3974 cf.
1001 3920 1236 3976 1.'XV11
1273 3921 1380 3974 vol.
1420 3920 1499 3973 IV
1537 3938 1587 3987 p.
1627 3924 1748 3976 347.

811 4029 854 4094 ²)
894 4028 944 4080 cf
975 4028 1027 4081 .l.
1054 4028 1143 4081 III
1177 4045 1230 4082 v.
1269 4028 1358 4081 III
1395 4044 1446 4095 p.
1467 4031 1570 4079 237
1610 4035 1809 4103 νομίζω
1843 4031 1987 4084 τοῦτ’
2016 4029 2158 4084 εἶναι
2202 4029 2295 4086 τὶνν
2322 4031 2491 4091 ὅντως
2530 4029 2831 4097 εὐσέβειαν,
2872 4032 2974 4085 οὐκ

636 4119 684 4171 εί
735 4116 947 4190 ταύρων
995 4115 1302 4192 ἑκατόμβας
1349 4118 1498 4192 αὐτῷ
1546 4117 1877 4193 παμπόλλας
1926 4117 2324 4193 καταθύσαιμι,
2375 4122 2468 4173 καὶ
2516 4117 2754 4173 τάλαντα
2800 4124 2972 4193 μυρία

634 4206 970 4281 θυμιάσαιμι
1008 4212 1217 4273 κασίας,
1259 4207 1374 4261 ἀλλ’
1412 4208 1462 4262 εἰ
1499 4213 1695 4280 γνοίην
1734 4208 1840 4267 μὲν
1885 4207 2051 4269 αὔτίς
2087 4215 2313 4281 πρῶτος,
2365 4209 2557 4263 ἔπειτα
2612 4209 2669 4263 δὲ
2720 4212 2819 4278 καὶ,
2864 4216 2977 4269 τοῖς

635 4296 816 4357 ἄλλοις
853 4295 1228 4370 ἐξηγησαίμην
1274 4291 1387 4357 οἷος
1421 4298 1530 4371 μέν
1568 4296 1680 4352 ἐστι
1720 4296 1819 4352 τὴν
1858 4302 2076 4366 σοφίαν,
2118 4290 2230 4358 οἶος
2268 4300 2325 4352 δὲ
2366 4297 2462 4353 τὴν
2492 4295 2743 4371 δύναμιν,
2784 4296 2971 4357 ὁποῖος

635 4385 694 4439 δὲ
734 4384 831 4440 τὴν
865 4384 1221 4456 χρηστίτητα.
