3425 5167
1467 457 1911 521 ..39-

499 629 854 713 ἅναγκάζοι
908 635 1017 696 καὶ
1075 638 1447 719 παρέχουσα
1509 630 1879 718 ἀπληστίαν
1924 629 2029 698 διὰ
2077 640 2600 720 γαστριμαργίαν
2643 630 2869 717 α’φιλό-

503 758 717 823 σοφον
762 741 873 804 καὶ
919 737 1209 822 ἄμουσον
1256 744 1396 805 πᾶν
1443 736 1765 806 ἀποτελοῖ
1804 737 1874 804 τὰ
1923 747 2103 822 γένος
2150 793 2163 806 .
2213 794 2226 807 .
2274 796 2288 807 .

693 847 898 931 Quem
930 849 1140 915 locum
1175 849 1489 930 Apuleius
1522 852 1644 915 hoc
1678 851 1863 915 modo
1897 851 2135 931 accipit
2183 848 2261 934 (c.
2296 847 2470 934 XV):
2528 860 2868 933 „ventrem

503 956 676 1020 hiris
724 958 1286 1021 intestinorum
1338 958 1946 1037 circumplexum
2005 965 2081 1023 et
2135 958 2466 1023 nexibus
2511 958 2872 1037 inpeditum

503 1080 691 1143 esse,
766 1082 848 1129 ne
919 1065 1255 1129 esculenta
1323 1071 1392 1129 et
1459 1065 1795 1144 potulenta
1869 1084 2016 1130 sese
2089 1073 2539 1145 penetrarent,
2612 1064 2728 1129 sed
2799 1068 2873 1129 ut

507 1176 774 1235 retenta
842 1172 1178 1251 paulisper
1249 1171 1596 1237 utilitatem
1676 1172 1773 1238 sui
1846 1172 2181 1250 accessu¹)
2258 1172 2695 1237 animantibus
2765 1189 2873 1237 ex-

506 1277 846 1358 hiberent,
926 1297 1009 1343 ne
1094 1278 1516 1343 exhaustis
1595 1288 1662 1344 et
1737 1280 2140 1360 labentibuS,
2236 1296 2398 1361 quae
2471 1278 2870 1346 inferuntur,

508 1385 927 1451 momentis
997 1386 1292 1452 omnibus
1363 1386 1714 1465 adpetendi
1780 1388 1910 1453 cibi
1978 1386 2339 1453 necessitas
2400 1386 2747 1451 inmineret
2808 1393 2878 1449 et

509 1490 600 1555 ad
648 1492 1013 1558 hoe·unum
1062 1493 1359 1571 occupari
1409 1494 1597 1559 nobis
1645 1493 1785 1559 dies
1818 1500 2171 1574 noctesque
2218 1497 2434 1559 esset
2480 1495 2868 1557 necesse.“

509 1597 834 1663 Similiter
897 1599 1280 1664 Ambrosius
1344 1602 1580 1680 Apulei
1663 1602 1957 1666 ordinem
1998 1605 2291 1666 secutus
2372 1598 2453 1665 de
2536 1598 2877 1679 aptissima

510 1705 974 1770 >intestinorum
1046 1706 1260 1771 indole
1331 1709 1621 1791 disputat
1687 1705 1750 1791 (ξ
1812 1709 1943 1788 ’71);
2016 1708 2623 1790 „intestinorum
2684 1723 2883 1771 vero

510 1813 1045 1893 circumplexi
1117 1816 1307 1880 orbes
1377 1824 1446 1881 et
1514 1816 1656 1882 sine
1726 1817 1941 1896 aliquo
2010 1816 2166 1881 licet
2231 1815 2399 1882 nodo
2469 1814 2597 1879 sibi
2662 1820 2882 1878 tamen

518 1919 854 1985 invicem
902 1922 1088 1985 nexi
1125 1922 1277 2002 quid
1310 1923 1485 1987 aliud
1517 1924 1644 1988 nisi
1677 1923 1961 1988 divinam
1995 1922 2524 2006 prospicientiam
2564 1921 2876 1986 creatoris

512 2026 897 2105 ostendunt,
947 2035 1019 2092 ut
1064 2047 1190 2095 non
1233 2030 1359 2096 cito
1402 2048 1556 2095 esca
1598 2039 2011 2112 pertranseat
2047 2038 2115 2097 et
2151 2030 2376 2096 statim
2422 2030 2505 2094 ab
2548 2028 2877 2094 stomacho

513 2133 875 2199 decurrat?
922 2135 1075 2214 quid
1122 2136 1179 2201 si
1227 2136 1441 2218 fieret,
1491 2134 1662 2220 iugis
1703 2134 1895 2203 famis
1928 2146 1998 2203 et
2026 2138 2331 2203 continua
2362 2135 2634 2202 vorandi
2678 2134 2881 2200 libido

524 2240 892 2307 hominibus
975 2243 1373 2325 gigneretur.
1497 2245 1854 2311 exinanitis
1938 2245 2110 2312 enim
2188 2244 2549 2311 visceribus
2626 2248 2694 2307 et
2762 2260 2883 2306 ex-

515 2349 865 2430 haustis,
917 2350 1068 2414 dum
1127 2352 1633 2417 momentaria
1695 2350 2013 2418 effusione
2075 2358 2485 2431 vacarentur,
2548 2366 2882 2416 necesse

517 2465 702 2521 erat
754 2456 1217 2538 inexplebilem
1264 2467 1458 2538 atque
1514 2459 1950 2525 insatiabilem
2014 2460 2143 2526 cibi
2201 2465 2270 2525 et
2330 2464 2519 2538 potus
2578 2454 2883 2540 generari

517 2562 953 2643 cupiditatem
1003 2616 1016 2629 .
1064 2568 1117 2630 .“

717 2669 1023 2737 Videmus
1095 2674 1527 2757 Ambrosium,
1609 2674 1737 2740 etsi
1805 2675 2101 2757 longiore
2178 2676 2523 2741 verborum
2592 2670 2889 2737 anfractu

521 2794 684 2842 usus
733 2777 814 2843 de
874 2779 1208 2845 intestinis
1268 2781 1572 2863 loquitur,
1630 2782 1791 2847 adeo
1841 2782 2075 2863 Apulei
2122 2780 2424 2862 vestigiis
2486 2778 2764 2861 ingredi,
2820 2781 2895 2841 ut

523 2885 729 2950 etiam
795 2904 942 2949 cum
1006 2886 1284 2953 Platone
1355 2888 1517 2952 mire
1588 2888 1968 2953 consentiat.
2077 2888 2234 2970 Ipsa
2294 2905 2544 2968 quoque
2613 2882 2895 2950 auctoris

516 2991 734 3055 verba
780 2992 1042 3072 saepius
1091 2992 1378 3058 studiose
1431 2994 1710 3074 arripuit
1758 3000 1826 3060 et
1870 2994 1939 3058 in
1987 2994 2185 3059 simili
2230 2993 2701 3059 sententiarum
2748 3008 2897 3055 con-

527 3101 717 3161 textu
751 3097 987 3162 iterum
1019 3101 1373 3181 usurpavit
1472 3099 1601 3165 Sed
1637 3120 2101 3180 ,nonnunquam
2134 3100 2369 3181 Apulei
2402 3098 2657 3165 dicendi
2689 3116 2896 3180 genus

529 3204 910 3270 inusitatius
987 3213 1056 3271 et
1113 3206 1416 3272 licentius
1489 3226 1642 3283 „esse
1706 3216 1890 3273 ratus
1960 3208 2255 3273 consulto
2316 3206 2399 3273 ab
2474 3224 2552 3273 eo
2619 3206 2897 3273 recessit

517 3318 603 3377 et
677 3311 761 3375 ad
838 3322 1199 3378 sermonem
1278 3333 1679 3381 communem
1759 3315 2052 3383 revertit.
2160 3314 2392 3394 Itaque
2468 3313 2629 3378 illud
2708 3333 2895 3382 voca-

538 3420 757 3484 bulum
803 3421 885 3485 ab
935 3438 1054 3485 usu
1105 3428 1419 3488 remotum
1475 3423 1763 3503 „hirae“,
1814 3423 1981 3504 quod
2029 3422 2344 3503 Apuleius
2393 3426 2507 3487 aut
2552 3438 2635 3487 ex
2678 3423 2895 3504 prisca

527 3526 894 3593 Latinitate
941 3533 1055 3593 aut
1099 3545 1182 3594 ex
1227 3532 1692 3596 consuetudine
1741 3530 1998 3611 vulgari
2014 3529 2067 3613 ⁹)
2117 3528 2538 3611 deprompsit,
2587 3544 2894 3611 asperna-

516 3646 639 3707 tus
685 3636 957 3701 verbum
1004 3636 1498 3703 usitatissimum
1537 3636 1809 3713 „orbes“
1849 3630 2163 3703 adhibere
2206 3636 2449 3701 maluit.
2543 3628 2905 3704 Praeterea

528 3743 849 3823 'Apuleius
895 3742 1057 3807 illud
1095 3745 1674 3825 „circumplexum“
1730 3746 1816 3811 ab·
1859 3745 2072 3811 activo
2113 3743 2887 3827 >verbo'„circumplecto“

519 3851 902 3917 -derivatum
947 3851 1210 3931 passive
1256 3851 1456 3934 ponit,
1519 3870 1560 3917 a
1615 3870 1743 3933 qua
1796 3850 2183 3917 formatione
2244 3850 2665 3933 elegantioris
2712 3869 2897 3920 seve·

524 3957 855 4037 ariorisque
924 3958 1188 4039 linguae
1256 3960 1608 4041 scriptores
1684 3954 2242 4036 abhorruerunt⁸).
2362 3958 2579 4025 Aliter
2644 3976 2754 4026 res
2822 3951 2897 4026 se

718 4223 759 4286 ¹)
797 4222 914 4275 cod.
953 4222 1043 4275 B.:
1083 4239 1149 4277 ae
1189 4239 1426 4279 censum.

719 4308 760 4379 ²)
799 4310 1108 4375 Pieehotta.
1145 4311 1320 4367 Curae
1364 4314 1718 4381 Apuleianae,
1758 4312 1891 4367 diss.
1929 4312 2160 4367 Vratisl.
2207 4314 2342 4365 1882
2380 4329 2431 4381 p.
2469 4313 2556 4365 83.

698 4402 758 4469 ὃ)
795 4399 863 4455 ef.
904 4398 1342 4470 Neue-Wagner,
1384 4402 1504 4457 Lat.
1543 4402 1819 4457 Formenl.
1859 4401 1981 4455 111⁸
2017 4418 2068 4470 p.
2108 4402 2194 4457 79.
