3425 5167
1451 500 1714 602 ..57
1811 546 1897 557 .-

497 675 820 753 elementa
865 705 1012 755 esse
1047 688 1362 768 quaedam
1409 691 1700 755 membra
1746 690 1986 773 mund—i,
2022 692 2311 757 eiusdem
2342 697 2561 759 sectae
2591 682 2849 773 placitis

497 794 863 875 respondet.
979 794 1143 861 Nam
1216 814 1360 861 cum
1433 796 1632 862 Stoici
1703 803 1903 863 totum
1978 800 2284 864 mundum
2354 817 2606 882 corpuS,
2682 800 2850 879 quod

497 902 748 967 unitate
810 902 1182 968 devinctum
1244 905 1408 969 nihil
1469 905 1661 971 inane
1723 906 1790 969 in
1840 923 1913 971 se
1960 907 2341 989 contineret,
2399 925 2545 973 esse
2592 912 2853 973 conten·

499 1009 748 1091 derent,
798 1011 1096 1090 singulae
1144 1012 1285 1077 eius
1332 1018 1556 1092 partes
1606 1030 1765 1076 sane
1800 1015 2088 1078 membra
2119 1014 2338 1080 vocari
2370 1019 2731 1094 potuerunt.
2766 1050 2850 1061 --

621 1156 626 1161 -
677 1116 856 1199 Quae
903 1136 1047 1182 cum
1092 1119 1186 1183 ita
1217 1118 1368 1200 sint,
1403 1120 1820 1184 Ambrosium
1864 1120 1932 1184 in
1977 1122 2101 1186 hac
2134 1136 2386 1201 quoque
2418 1121 2849 1204 enarratione,

499 1241 690 1303 quam
738 1226 880 1304 ipse
925 1225 1098 1289 haud
1147 1225 1340 1291 dubio
1387 1227 1686 1291 uberiore
1733 1229 2079 1293 verborum
2126 1236 2356 1293 ornatu
2404 1228 2721 1311 distinxit,
2772 1247 2851 1293 ex

500 1331 712 1397 Stoico
759 1340 1039 1413 auctore,
1089 1332 1370 1399 fortasse
1419 1333 1663 1415 eodem,
1727 1350 1849 1413 quo
1912 1354 2108 1415 supra
2154 1354 2306 1401 usus
2355 1340 2516 1417 erat,
2564 1336 2854 1416 pendere

506 1439 821 1505 existimo,
2010 1470 2015 1474 ·
2684 1455 2691 1461 ·

1537 1815 1759 1938 §6-

654 1976 754 2043 Dc
803 1975 1149 2045 Cicerone
1199 1977 1273 2043 ct
1315 1976 1807 2063 Xenophonte
1854 1976 2224 2046 Ambrosii
2270 1981 2711 2049 auctoribus.

680 2121 762 2187 In
795 2122 1118 2187 Ambrosii
1150 2120 1440 2187 fontibus
1472 2121 1861 2205 indagandis
1909 2139 2114 2201 usque
2146 2142 2221 2189 eo
2255 2126 2583 2207 progressi
2616 2144 2856 2208 sumus,

513 2234 585 2293 ut
629 2234 767 2295 tres
838 2236 1136 2295 auctores
1200 2229 1620 2310 principales
1659 2231 1835 2295 clare
1882 2229 2164 2295 discerni
2212 2230 2486 2312 possint:
2551 2231 2859 2315 GalenuS,

505 2336 839 2419 ApuleiuS,
903 2332 1153 2401 Stoicus
1219 2346 1462 2417 auctor,
1529 2338 1762 2416 quibus
1824 2338 2208 2403 Ambrosius
2281 2339 2559 2419 plurima
2620 2358 2858 2420 eorum,

507 2459 672 2522 quae
747 2462 874 2510 non
953 2463 1035 2511 ex
1109 2444 1298 2509 libris
1376 2445 1580 2510 sacris
1648 2446 1987 2527 desumpta
2048 2453 2220 2527 sunt,
2288 2446 2501 2511 debet.
2612 2444 2861 2529 Quibus

507 2551 865 2616 enucleatis
911 2552 1315 2632 relinquitur,
1380 2557 1452 2615 ut
1513 2553 1593 2617 de
1661 2552 1909 2618 duobus
1974 2554 2363 2634 auctoribus,
2428 2552 2739 2619 Cicerone
2796 2564 2864 2620 ct

506 2657 962 2739 Xenophonte,
1027 2677 1108 2723 ex
1165 2678 1432 2739 quorum
1492 2660 2014 2725 enarrationibus
2068 2660 2149 2724 ad
2195 2660 2367 2725 idem
2415 2669 2860 2742 argumentum
2928 2719 2931 2721 ,

507 2766 986 2846 pertinentibus
1061 2767 1474 2832 Ambrosium
1551 2768 1859 2832 nonnulla
1929 2768 2332 2848 excerpsisse
2410 2777 2478 2834 et
2549 2768 2614 2832 in
2680 2787 2863 2833 suum

507 2880 856 2939 tractatum
919 2874 1248 2954 recepisse
1315 2873 1601 2939 Schenkl
1669 2875 1954 2956 adnotat,
2021 2876 2308 2940 breviter
2369 2893 2653 2956 agamus
2762 2876 2865 2940 De

509 2980 615 3044 his
679 2980 1045 3046 auctoribus
1109 2999 1184 3045 eo
1247 2981 1503 3047 facilius
1565 2981 1855 3047 iudicare
1904 2981 2273 3063 poterimus,
2334 2982 2500 3063 quod
2561 2983 2656 3047 eis
2702 2982 2858 3047 talia

512 3093 761 3152 tantum
825 3089 1064 3153 ascribi
1119 3096 1413 3171 possunt,
1482 3105 1646 3169 quae
1709 3088 1878 3170 apud
1928 3076 2223 3155 auctores
2288 3089 2680 3170 principales
2736 3108 2863 3153 non

514 3194 840 3276 leguntur.
893 3230 975 3239 —-—

687 3300 1087 3384 Incipiamus
1165 3322 1204 3368 a
1281 3302 1610 3368 Ciceronis
1689 3307 1975 3368 tractatu
1991 3300 2063 3387 1),
2150 3318 2275 3383 quo
2368 3302 2867 3385 argumentandi

512 3394 708 3475 causa
782 3410 1016 3475 iterum
1093 3410 1458 3489 iterumque
1534 3411 1662 3475 iam
1724 3411 1826 3475 usi
1887 3429 2124 3475 sumus.
2217 3415 2310 3475 Ac
2388 3422 2565 3477 certe
2633 3412 2868 3475 mirum

515 3516 765 3598 fuisset,
831 3518 887 3582 si
951 3518 1350 3599 Ambrosius,
1415 3525 1638 3597 utpote
1708 3519 1819 3595 qui
1893 3519 1959 3583 in
2034 3518 2285 3583 deliciis
2346 3519 2624 3583 haberet
2684 3536 2869 3583 suam

513 3625 864 3690 orationem
907 3610 1372 3691 'Ciceronianis
1432 3626 1652 3690 verbis
1701 3625 2221 3705 dictionibusque
2283 3625 2680 3705 exornare2),
2729 3627 2868 3691 eius

514 3729 791 3796 Stoicam
843 3733 1320 3797 enarrationem
1379 3749 1643 3813 prorsus
1698 3733 2119 3813 neglexisset.
2211 3733 2451 3797 Tamen
2518 3751 2632 3825 nos
2680 3737 2869 3797 caute

515 3838 597 3903 de
643 3839 802 3904 locis
851 3838 1145 3905 Ciceroni
1193 3840 1596 3905 ascribendis
1643 3840 1932 3905 iudicare
1977 3858 2247 3905 necesse
2296 3850 2415 3917 est,
2459 3839 2625 3920 quod
2674 3857 2871 3920 supra

518 3947 1076 4027 comprobavimus
1150 3947 1559 4013 Ambrosium
1634 3947 1824 4013 etiam
1907 3949 2098 4013 talem
2180 3954 2505 4013 auctorem
2584 3946 2871 4012 Stoicum

516 4054 936 4135 consuluisse,
997 4055 1104 4132 qui
1168 4055 1370 4118 multa
1418 4054 1747 4119 simillimo
1806 4056 1991 4119 modo
2040 4065 2233 4133 atque
2281 4054 2503 4119 Cicero
2553 4055 2869 4136 exposuit,

521 4160 678 4239 quin
730 4162 928 4225 etiam
975 4160 1248 4225 fontium
1299 4160 1684 4243 cognatione
1731 4180 1877 4225 cum
1910 4180 1983 4226 eo
2020 4162 2395 4226 coniunctus
2428 4167 2586 4226 erat.
2665 4159 2872 4243 Quam

701 4376 738 4438 ¹)
778 4373 859 4427 De
897 4377 995 4426 nat
1049 4372 1192 4427 deor.
1233 4370 1291 4424 11
1332 4372 1631 4423 133-153.

657 4544 660 4548 ⁸
699 4464 744 4530 ²)
783 4462 852 4519 cf.
890 4460 1122 4516 Schenkl
1165 4461 1331 4527 praef.
1371 4477 1420 4527 p.
1463 4459 1788 4516 Xv-le.
