3425 5167
1462 522 1549 532 .-
1642 489 1729 553 35
1823 526 1911 535 ..-

510 668 667 749 ipsi
714 685 1147 733 communes
1195 667 1420 734 nobis
1467 676 1648 733 suut
1694 688 1859 733 cum
1900 636 2199 735 ceter-is
2239 637 2863 752 {ninnintl'bfiw

511 781 582 840 at
627 775 798 841 enim
845 774 1174 839 hominum
1222 774 1514 840 sollertia
1547 775 1860 843 eiusmodi
1892 776 2112 844 divino
2144 776 2456 845 beneficio
2487 778 2873 847 instructior

513 881 909 962 auctiorque,
961 882 1128 962 quod
1177 881 1436 947 auditus
1482 882 1582 949 illi
1630 889 1734 949 est
1779 884 2085 965 visusque
2131 885 2585 965 praestantior.
2662 886 2867 952 oculis

511 1008 790 1068 namque
836 988 1104 1054 metitus
1153 994 1258 1053 est
1303 989 1552 1055 caelum
1585 991 1999 1071 siderumque
2038 992 2346 1057 circuitus
2377 1001 2445 1057 et
2482 997 2867 1059 astrorum

513 1097 777 1161 obitus
825 1104 1057 1175 atque
1105 1101 1322 1160 ortus
1369 1148 1382 1160 .
1434 1147 1446 1159 .
1495 1094 1612 1161 .·.“
2874 1152 2877 1155 ,

693 1202 901 1268 Simili
963 1203 1150 1267 modo
1213 1204 1594 1269 Ambrosius
1655 1205 1723 1269 in
1792 1223 2048 1286 paragr.
2114 1203 2197 1267 67
2270 1205 2467 1271 alium
2534 1212 2864 1273 auctorem

512 1317 773 1377 secutus
820 1312 1084 1392 exponit
1136 1310 1432 1378 homines
1488 1310 1741 1377 ratione
1800 1311 2127 1391 praeditos
2181 1312 2676 1378 inrationalibus
2731 1314 2867 1378 ani-

519 1418 850 1483 mantibus
899 1418 1100 1482 multo
1147 1423 1497 1497 praestare.
1562 1418 1747 1501 Quod
1791 1419 1854 1482 in
1905 1418 2077 1483 hunc
2122 1420 2590 1485 sententiarum
2630 1438 2868 1484 nexum

511 1524 748 1604 Apulei
805 1525 984 1590 locus
1045 1527 1210 1590 bene
1258 1525 1621 1603 quadravit,
1691 1544 1839 1590 eum
1900 1525 2069 1617 fere·
2101 1527 2427 1607 integrum
2494 1527 2866 1593 exscribere

513 1650 643 1698 non
693 1632 1043 1698 dubitavit:
1099 1650 1278 1714 „nam
1331 1640 1399 1696 et
1441 1632 1594 1711 ipsi
1646 1650 1924 1697 sensus
1963 1649 2399 1699 communes
2430 1634 2653 1699 nobis
2686 1640 2867 1697 sunt

515 1757 678 1805 cum
727 1738 1192 1802 animalibus
1241 1740 1561 1819 ceteriS,
1611 1739 1724 1803 sed
1774 1745 1993 1804 tamen
2031 1758 2157 1804 non
2200 1740 2428 1806 eadem
2468 1740 2575 1805 his
2604 1746 2866 1810 ceterae

515 1846 877 1911 animantes
925 1844 1244 1910 industria
1291 1849 1558 1911 utuntur
1605 1898 1620 1913 .
1667 1893 1682 1907 .
1732 1895 1744 1907 .
1787 1893 1799 1905 .
1848 1850 2102 1926 spectat
2158 1846 2272 1928 (sc.
2320 1848 2535 1923 homo)
2585 1847 2867 1912 oeulis

515 1960 736 2018 ortus
793 1954 1210 2033 obit-usque
1267 1953 1688 2036 signorum,
1752 1954 1933 2019 videt
1978 1962 2423 2019 ornament-um
2470 1954 2636 2019 caeli
2682 2005 2695 2017 .
2744 2006 2756 2019 .
2804 1956 2859 2015 .“

515 2062 624 2126 ubi
673 2060 1054 2126 Ambrosius
1111 2059 1342 2146 Apulei
1389 2063 1593 2125 verba
1655 2072 1791 2124 tam
1853 2063 2019 2126 bene
2081 2061 2149 2125 in
2206 2062 2569 2127 sententias
2616 2061 2866 2129 alienas

505 2166 811 2249 intexuit,
864 2175 934 2232 ut
971 2167 1352 2247 ‘disputandi
1399 2177 1584 2232 tenor
1629 2168 1807 2233 nullo
1853 2168 2040 2233 modo
2086 2167 2609 2248 interrumpatur.
2657 2204 2745 2212 —

697 2275 995 2340 Exeunte
1041 2276 1255 2354 capite
1300 2275 1456 2338 XIV
1507 2275 1825 2355 Apuleius
1885 2274 1964 2339 ad
2014 2273 2444 2341 describenda
2489 2275 2751 2357 linguae
2799 2280 2868 2341 et

515 2384 647 2448 oris
695 2402 966 2448 munera
1009 2382 1323 2463 procedit,
1373 2400 1516 2445 cum
1565 2380 1769 2448 dicat:

700 2508 961 2603 „lingua
1009 2514 1074 2573 et
1123 2506 1466 2572 dentium
1500 2507 1786 2572 vallum
1834 2513 1903 2572 et
1940 2506 2145 2586 ipsius
2192 2496 2443 2571 osculi
2489 2474 2865 2573 venustas

517 2606 858 2709 accessit2)
893 2681 906 2694 .
941 2684 954 2697 .
994 2684 1006 2697 .
1053 2685 1065 2697 .
1111 2632 1353 2697 homini
1401 2633 2017 2713 promptuarium
2067 2633 2282 2713 potius
2328 2632 2865 2698 rectae'rationis

517 2749 585 2805 et
650 2740 1074 2805 suavissimae
1135 2740 1445 2806 orationis
1504 2740 1628 2805 hoc
1689 2740 1909 2804 datum
1967 2745 2087 2821 est,
2154 2746 2245 2821 ut,
2306 2758 2471 2819 quae
2518 2739 2869 2819 prudentia

517 2847 746 2913 eorde
796 2848 1280 2929 conceperit,
1332 2866 1420 2912 ea
1467 2853 1701 2911 sensa
1748 2853 2002 2925 promat
2046 2846 2313 2911 oratio“.

697 2955 880 3036 Quod
945 2953 1199 3018 dicendi
1260 2972 1467 3033 genus
1515 2952 1857 3018 Ambrosio
1919 2953 2151 3017 eximie
2206 2953 2529 3033 placuisse
2585 2952 2865 3035 videtur,

517 3080 668 3125 nam
716 3059 940 3125 eodem
989 3060 1172 3124 modo
1221 3060 1402 3124 dicit:

699 3165 734 3251 ξ
783 3167 892 3232 66:
958 3167 1108 3246 quid
1158 3186 1279 3249 ego
1327 3166 1688 3231 describam
1739 3166 2083 3231 dentium
2129 3166 2446 3247 vallum,
2506 3184 2628 3245 quo
2676 3165 2866 3231 confi-

519 3275 687 3340 citur
735 3275 914 3340 cibus
951 3325 964 3337 .
1003 3324 1016 3338 .
1052 3326 1064 3338 .
1099 3323 1112 3338 .
1162 3274 1198 3355 ξ
1245 3272 1358 3337 68;
1411 3274 1564 3353 quid
1611 3282 1829 3339 autem
1865 3274 2093 3352 loquar
2131 3272 2213 3338 de
2246 3272 2463 3338 osculo
2498 3272 2647 3353 oris,
2698 3271 2865 3352 quod

518 3382 785 3463 pietatis
845 3387 909 3447 et
958 3380 1251 3447 caritatis
1314 3386 1416 3446 est
1471 3378 1772 3463 signum?
1848 3380 2221 3446 osculantur
2276 3398 2349 3445 se
2397 3389 2467 3445 et
2512 3380 2864 3461 columbae,

519 3489 634 3555 sed
686 3488 837 3569 quid
886 3487 968 3553 ad
1014 3488 1280 3553 humani
1329 3489 1574 3553 osculi
1625 3493 2123 3553 venustatem
2172 3538 2185 3551 .
2230 3539 2241 3551 .
2286 3538 2299 3551 .
2346 3539 2356 3550 .
2405 3486 2562 3551 illud
2614 3505 2868 3566 quoque

519 3596 934 3677 praecipuum
981 3602 1102 3678 est,
1171 3595 1337 3675 quod
1385 3596 1507 3661 soli
1549 3596 1845 3662 homines
1907 3613 2033 3660 ore
2096 3593 2595 3673 exprimimus
2660 3610 2869 3672 quae

519 3706 774 3769 eorde
836 3704 1236 3769 sentimus.
1343 3704 1563 3783 itaque
1625 3703 2053 3786 cogitationes
2114 3701 2354 3767 tacitae
2428 3702 2665 3765 mentis
2734 3700 2868 3765 oris

520 3830 816 3876 sermone
873 3810 1222 3891 signamus
1303 3812 1453 3891 quid
1517 3817 1619 3876 est
1665 3811 1867 3888 igitur
1929 3827 2001 3874 os
2048 3806 2326 3873 hominis
2372 3807 2499 3873 nisi
2547 3798 2869 3885 quoddam·

520 3920 835 3984 sermonis
897 3919 1190 4001 adytum,
1248 3918 1394 3984 fons
1449 3918 1935 3999 disputationis,
1999 3919 2147 3983 aula
2192 3917 2557 3991 verborum,
2617 3932 2871 3994 prom-

520 4026 910 4106 ptuarium
958 4025 1469 4092 voluntatis?“

701 4134 930 4197 Denuo
977 4133 1339 4213 exemplum
1402 4134 1606 4199 habes
1667 4140 2063 4213 quantopere
2110 4132 2491 4197 Ambrosius
2536 4131 2601 4193 in
2652 4138 2869 4194 cumn-⁸

704 4346 748 4413 ¹)
788 4343 1062 4398 enuntiati
1103 4343 1351 4397 clausula
1387 4343 1656 4413 glyconeo
1693 4343 2079 4412 adstringitur,
2118 4342 2185 4396 cf.
2222 4342 2542 4397 Gatneha'l.
2583 4357 2627 4395 c.
2666 4357 2717 4409 p.
2746 4342 2871 4395 173.

702 4436 744 4501 2)
784 4433 1019 4487 creticus
1058 4450 1178 4487 cum
1218 4433 1515 4500 dispondeo
1553 4431 1813 4487 efficitur.

2548 4520 2613 4571 3*
