3425 5167
1549 487 1995 557 „³70-

776 662 1042 736 Duobus
1105 671 1251 737 aliis
1315 672 1494 748 lociS,
1560 686 1720 749 quos
1783 668 2068 737 Schenkl
2134 670 2347 752 affert,
2408 663 2816 740 Ambrosium
2873 692 2953 738 ex

601 776 911 843 Cicerone
976 780 1257 860 pendere
1320 798 1570 861 negem.
1681 778 1840 844 Nam
1903 779 1967 843 in
2031 796 2286 861 paragr.
2353 778 2441 847 60
2501 798 2559 863 p.
2619 779 2744 845 251
2805 800 2863 850 v.
2912 778 2951 842 2

602 886 983 951 Ambrosius
1043 904 1169 951 non
1221 886 1614 967 Ciceronem,
1679 887 1795 952 scd
1844 884 2159 951 Calenum
2223 894 2483 953 secutus
2529 886 2714 972 est²)‚
2774 889 2954 954 etin

602 1009 858 1074 paragr.
924 991 1005 1056 67
1072 1012 1128 1076 p.
1193 992 1322 1059 255
1389 1014 1445 1059 v.
1509 996 1553 1057 4
1615 995 1994 1060 Ambrosius
2035 996 2267 1059 minus
2327 995 2701 1061 Ciceronem
2763 1010 2955 1073 quam

601 1101 944 1182 Apuleium
991 1100 1320 1182 respicere
1368 1100 1624 1167 videtur
1638 1098 1705 1179 ²).

780 1209 929 1274 Alia
998 1210 1292 1291 exempla
1368 1228 1404 1273 e
1483 1208 1795 1274 Cicerone
1866 1210 2245 1291 deprompta
2318 1228 2447 1275 non
2518 1210 2953 1276 inveniuntur.

602 1312 741 1399 Quo
803 1316 870 1379 in
938 1325 1198 1382 auctore
1257 1316 1567 1382 imitando
1630 1317 2047 1383 Ambrosium
2105 1318 2299 1396 longe
2370 1318 2564 1383 aliter
2624 1323 2955 1385 versatum

605 1442 749 1489 esse
808 1430 1002 1503 atque
1070 1424 1136 1487 in
1202 1424 1440 1489 ceteris
1497 1426 1867 1490 auctoribus
1925 1425 2223 1490 tractatis
2279 1424 2474 1491 facile
2534 1425 2955 1507 intellegitur.

603 1514 802 1596 Totas
845 1531 1016 1596 enim
1050 1530 1376 1601 Ciceronis
1425 1532 1786 1597 sententias
1836 1547 2182 1611 numquam
2228 1530 2531 1608 reddidit,
2580 1533 2773 1598 immo
2819 1534 2956 1599 sola

605 1640 810 1706 verba
883 1656 1030 1703 raro
1105 1638 1200 1703 ita
1277 1640 1632 1721 usurpavit,
1721 1644 1793 1703 ut
1881 1640 2148 1705 aliorum
2228 1647 2558 1705 auctorum
2642 1640 2955 1722 exemplis

605 1745 1019 1828 splendorem
1068 1754 1136 1811 et
1183 1746 1674 1828 amplitudinem
1722 1746 2009 1813 adderet.
2080 1782 2145 1790 -—

596 2009 604 2013 ,
798 1944 898 2009 Ad
931 1943 1124 2009 finem
1157 1942 1445 2009 breviter
1476 1960 1746 2025 agamus
1796 1940 1876 2006 de
1912 1941 2367 2023 Xenophonte,
2416 1942 2519 2007 cui
2549 1941 2961 2009 Ambrosium

605 2052 916 2119 nonnulla
962 2052 1202 2117 debere
1252 2050 1539 2116 Schenkl
1585 2056 1828 2115 censet.
1874 2083 1963 2097 —

675 2236 679 2240 ,
783 2158 1149 2241 Xenophon
1186 2161 1252 2224 in
1286 2156 1520 2225 Comm.
1555 2156 1729 2222 Socr.
1762 2157 1794 2221 I
1828 2176 1881 2222 c.
1916 2157 1976 2240 4,
2026 2159 2135 2224 ubi
2170 2157 2500 2225 Socratem
2536 2177 2679 2223 cum
2712 2159 2958 2226 Aristo-

599 2267 793 2339 demo
850 2267 929 2353 de
977 2269 1265 2349 corporis
1322 2273 1390 2331 et
1443 2265 1642 2329 animi
1689 2266 2042 2331 virtutibus
2101 2266 2641 2332 sermocinantem
2687 2266 2956 2349 inducit,

541 2406 548 2412 ·
608 2377 869 2453 deorum
918 2375 1390 2455 providentiam
1439 2382 1507 2439 et
1555 2374 1947 2456 peculiarem
1994 2393 2210 2440 rerum
2258 2375 2681 2442 humanarum
2742 2394 2959 2441 curam

546 2544 549 2547 .
615 2484 915 2564 explicat.
994 2482 1132 2566 Quo
1181 2484 1248 2547 in
1297 2483 1610 2562 colloquio
1659 2501 1800 2548 cum
1835 2482 2281 2547 demonstrare
2330 2483 2592 2552 studeat
2636 2484 2959 2550 hominem
3001 2527 3007 2531 -

611 2589 889 2657 omnium
923 2591 1320 2656 animalium
1376 2591 1923 2670 perfectissimum
1980 2600 2047 2655 et
2104 2590 2348 2671 optima
2393 2592 2679 2671 corporiS
2728 2600 2959 2657 natura

612 2699 979 2783 praeditum
1045 2718 1222 2782 esse,
1298 2699 1466 2763 hauc
1541 2697 2040 2779 philosophandi
2106 2699 2423 2763 rationem
2485 2700 2567 2762 ab
2632 2696 2960 2763 Ambrosii

614 2806 904 2872 consiliis
951 2806 1227 2871 alienam
1275 2822 1402 2871 non
1453 2824 1600 2871 esse
1647 2813 1845 2895 patet.
1936 2804 2137 2869 Multa
2182 2805 2248 2869 in
2294 2806 2417 2871 hoc
2462 2805 2677 2885 capite
2724 2805 2959 2870 eximie

613 2913 1009 3007 concordant
1031 2930 1176 2979 cum
1203 2914 1320 2997 eie,
1348 2930 1514 2992 quae
1539 2913 1923 2979 Ambrosius
1949 2914 2015 2978 in
2042 2933 2155 2979 suo
2187 2913 2403 2980 Stoico
2431 2912 2610 2978 fonte
2634 2911 2957 2976 simillimo

613 3020 799 3088 modo
863 3021 1188 3102 descripta
1245 3022 1512 3087 invenit.
1611 3020 1695 3086 Ut
1755 3023 2051 3102 exempla
2096 3020 2391 3086 afferam:
2448 3021 2526 3085 ln
2573 3039 2828 3103 paragr.
2880 3018 2957 3082 11

615 3129 919 3196 Socrates
953 3131 1220 3211 exponit
1249 3130 1543 3194 homines
1577 3126 1662 3194 ea'
1702 3128 1784 3195 de
1816 3148 2012 3194 causa
2058 3148 2097 3193 a
2128 3129 2269 3194 deis
2310 3128 2557 3210 rigidos
2600 3135 2667 3193 et
2712 3132 2964 3194 erectos
3049 3201 3052 3205 y

615 3237 826 3303 factos
889 3256 1054 3318 esse,
1123 3254 1246 3317 quo
1303 3236 1560 3302 facilius
1619 3237 1842 3316 procul
1900 3243 1968 3302 et
2020 3255 2276 3302 sursum
2332 3244 2631 3317 spectare
2677 3239 2963 3315 possent.

617 3344 860 3409 Eodem
937 3345 1076 3409 loco
1143 3344 1300 3409 dicit
1359 3333 1656 3409 omnibus
1722 3344 2107 3409 animalibus
2168 3345 2386 3426 pronis
2447 3345 2650 3425 pedes
2714 3350 2964 3408 tantum

618 3452 804 3517 datos
852 3470 1019 3534 esse,
1076 3452 1318 3517 homini
1368 3470 1520 3517 vero
1569 3470 1817 3533 manus,
1877 3454 2109 3531 quibus
2167 3453 2423 3517 adiutus
2473 3451 2813 3533 plerasque
2858 3468 2965 3516 res

617 3560 698 3624 ad
751 3561 944 3625 beate
998 3559 1350 3626 vivendum
1413 3560 1815 3625 necessarias
1882 3559 2008 3626 sibi
2039 3542 2041 3545 ’
2071 3578 2302 3640 parare
2363 3566 2603 3639 posset.
2712 3557 2964 3623 Deinde

615 3666 794 3733 vocis
846 3665 1223 3733 beneficium
1271 3666 1512 3747 laudat,
1563 3666 1733 3747 quod
1780 3668 1897 3732 soli
1945 3668 2239 3732 homines
2288 3666 2673 3746 acceperint.
2714 3700 2803 3711 —-
2842 3664 2962 3730 Vel

617 3794 701 3841 ex
745 3774 848 3838 his
878 3775 1193 3855 exemplis
1225 3773 1632 3856 intellegitur
1664 3775 1831 3839 hanc
1876 3776 2238 3839 naturalem
2271 3774 2637 3855 opinionem
2672 3773 2752 3854 oi,
2803 3788 2968 3851 quae

617 3882 683 3946 in
732 3881 1057 3946 Ambrosii
1105 3880 1338 3946 Stoicis
1385 3882 1681 3961 partibus
1731 3882 2027 3963 occurrit,
2078 3864 2317 3962 optime
2364 3882 2779 3961 respondere.

798 3986 956 4052 Cum
988 3980 1274 4070 accedat,
1325 3989 1494 4067 quod
1524 3990 1590 4052 in
1639 3976 1916 4072 singulis
1950 4006 2202 4069 quoque
2250 3990 2445 4054 rebus
2490 4005 2969 4068 nonnumquam

617 4095 1001 4161 manifestus
1075 4106 1431 4162 consensus
1494 4096 1672 4162 inter
1735 4103 2077 4175 utrumque
2139 4097 2522 4178 scriptorem
2598 4095 2967 4177 intercedit,

800 4328 840 4394 ¹)
881 4325 950 4381 cf.
986 4342 1038 4396 p.
1075 4329 1145 4378 20
1181 4327 1234 4380 h.
1273 4342 1454 4393 opusc.

801 4430 845 4502 ²)
884 4432 950 4487 ci.
989 4449 1041 4501 p.
1080 4436 1146 4485 35
1186 4432 1238 4487 h.
1278 4446 1462 4500 opusc.
